stock_locate,tracking_number,timestamp,shares,cross_price,match_number,cross_type
3672,2,0 days 09:30:00.000995068,6185,404300,53497,0
6425,1,0 days 09:30:00.001157163,0,0,53502,0
7062,1,0 days 09:30:00.001959593,2432,168600,53563,0
8360,1,0 days 09:30:00.002076275,0,0,53567,0
2290,2,0 days 09:30:00.002518918,100,106000,53602,0
8708,1,0 days 09:30:00.003298974,0,0,53617,0
6654,1,0 days 09:30:00.003474549,420,72000,53618,0
3550,3,0 days 09:30:00.004172865,9655,9100,53631,0
3098,2,0 days 09:30:00.004881254,313,663500,53669,0
5071,1,0 days 09:30:00.004969725,0,0,53672,0
1500,1,0 days 09:30:00.005808476,0,0,53691,0
4369,1,0 days 09:30:00.006517649,0,0,53694,0
8124,1,0 days 09:30:00.007090486,0,0,53696,0
6791,1,0 days 09:30:00.007323613,0,0,53697,0
7662,1,0 days 09:30:00.008143582,0,0,53699,0
2123,1,0 days 09:30:00.008874732,0,0,53702,0
1958,1,0 days 09:30:00.009151990,0,0,53706,0
7320,1,0 days 09:30:00.009389522,2316,175500,53708,0
4462,5,0 days 09:30:00.009821572,400,536200,53726,0
8319,1,0 days 09:30:00.010334869,0,0,53734,0
3547,1,0 days 09:30:00.010898813,0,0,53738,0
6494,1,0 days 09:30:00.010939850,0,0,53739,0
6019,1,0 days 09:30:00.011536956,44,182900,53740,0
3045,1,0 days 09:30:00.012146487,0,0,53743,0
4440,1,0 days 09:30:00.012952370,0,0,53749,0
5575,1,0 days 09:30:00.013088013,4849,134300,53750,0
8367,1,0 days 09:30:00.013926865,0,0,53753,0
8034,1,0 days 09:30:00.014857666,0,0,53787,0
3149,1,0 days 09:30:00.015626568,0,0,53819,0
7707,1,0 days 09:30:00.016393577,0,0,53822,0
393,2,0 days 09:30:00.021670510,38093,18740000,53830,0
330,2,0 days 09:30:00.021847743,2048,125400,53832,0
4210,1,0 days 09:30:00.026537110,0,0,53877,0
2565,1,0 days 09:30:00.030107099,316,168800,53914,0
8673,1,0 days 09:30:00.031513010,0,0,53920,0
2479,1,0 days 09:30:00.032114995,0,0,53921,0
815,1,0 days 09:30:00.032480411,0,0,53922,0
1304,1,0 days 09:30:00.036180598,3407,185800,53958,0
6834,3,0 days 09:30:00.058556378,5136,571200,57384,0
1254,1,0 days 09:30:00.058910464,0,0,57402,0
6364,1,0 days 09:30:00.059333339,161,593300,57407,0
3852,1,0 days 09:30:00.059472690,0,0,57410,0
7606,1,0 days 09:30:00.060268908,0,0,57467,0
6148,1,0 days 09:30:00.060439806,0,0,57469,0
2677,1,0 days 09:30:00.061888926,10242,941000,57531,0
3664,1,0 days 09:30:00.061956044,0,0,57532,0
3835,1,0 days 09:30:00.062983230,0,0,57558,0
3759,1,0 days 09:30:00.063134395,1000,283300,57570,0
8510,1,0 days 09:30:00.063958040,0,0,57591,0
7078,1,0 days 09:30:00.064217372,0,0,57604,0
5852,2,0 days 09:30:00.065030784,5721,18500,57626,0
8545,1,0 days 09:30:00.065760522,0,0,57642,0
6681,3,0 days 09:30:00.067161392,1184,2114400,57671,0
1328,2,0 days 09:30:00.067983714,335,51300,57688,0
3843,3,0 days 09:30:00.069618102,30030,7050,57719,0
3906,1,0 days 09:30:00.070633494,0,0,57734,0
8861,2,0 days 09:30:00.071749375,224,176600,57756,0
2214,1,0 days 09:30:00.073292024,0,0,57778,0
7341,3,0 days 09:30:00.073444404,400,261400,57792,0
3036,1,0 days 09:30:00.074305391,228,419900,57797,0
5359,1,0 days 09:30:00.074980651,0,0,57811,0
5837,1,0 days 09:30:00.075403366,0,0,57832,0
1639,1,0 days 09:30:00.075579158,0,0,57833,0
7788,3,0 days 09:30:00.075760046,109,79800,57836,0
421,1,0 days 09:30:00.076042706,0,0,57839,0
6416,1,0 days 09:30:00.076271157,0,0,57852,0
2254,1,0 days 09:30:00.076403318,0,0,57855,0
7021,1,0 days 09:30:00.076534739,0,0,57856,0
3319,1,0 days 09:30:00.076659382,0,0,57864,0
8114,1,0 days 09:30:00.076812394,0,0,57878,0
5822,1,0 days 09:30:00.077045520,0,0,57879,0
3829,1,0 days 09:30:00.077161869,0,0,57880,0
3144,1,0 days 09:30:00.077241447,0,0,57881,0
5175,1,0 days 09:30:00.077384644,0,0,57882,0
737,1,0 days 09:30:00.077568400,0,0,57894,0
7728,1,0 days 09:30:00.077663912,0,0,57895,0
8564,1,0 days 09:30:00.077856881,0,0,57915,0
8312,1,0 days 09:30:00.078016399,0,0,57916,0
726,3,0 days 09:30:00.078205537,204,55000,57930,0
2855,1,0 days 09:30:00.078357564,0,0,57937,0
81,1,0 days 09:30:00.078507424,0,0,57954,0
835,3,0 days 09:30:00.078641125,546,537400,57957,0
4027,3,0 days 09:30:00.078732050,2169,624900,57968,0
8361,1,0 days 09:30:00.078840312,555,455900,57975,0
1989,1,0 days 09:30:00.079173331,208,146300,58004,0
4574,1,0 days 09:30:00.079433559,0,0,58019,0
6812,1,0 days 09:30:00.079700532,7591,174900,58046,0
4987,4,0 days 09:30:00.079846931,2716,2750,58055,0
5765,1,0 days 09:30:00.079906254,0,0,58074,0
6482,1,0 days 09:30:00.080060879,0,0,58086,0
6458,1,0 days 09:30:00.080307088,7,567900,58100,0
1574,1,0 days 09:30:00.080565694,734,1105300,58120,0
8002,1,0 days 09:30:00.080592257,0,0,58129,0
5769,1,0 days 09:30:00.080834532,43729,31600,58154,0
4151,1,0 days 09:30:00.081199398,9351,78100,58182,0
292,1,0 days 09:30:00.081211029,182,67100,58188,0
2804,1,0 days 09:30:00.081511039,0,0,58225,0
3472,1,0 days 09:30:00.081655780,0,0,58253,0
1938,1,0 days 09:30:00.081689870,0,0,58254,0
3848,2,0 days 09:30:00.081904038,1249,497500,58287,0
7542,1,0 days 09:30:00.082078890,0,0,58322,0
4619,1,0 days 09:30:00.082093460,0,0,58328,0
4686,1,0 days 09:30:00.082273688,0,0,58381,0
5484,1,0 days 09:30:00.082511982,0,0,58432,0
6967,1,0 days 09:30:00.082667564,0,0,58494,0
8346,1,0 days 09:30:00.082699690,4533,659000,58523,0
5985,1,0 days 09:30:00.082832366,0,0,58549,0
7835,1,0 days 09:30:00.083040346,0,0,58593,0
2811,1,0 days 09:30:00.083116827,559,387700,58611,0
7105,1,0 days 09:30:00.083325453,0,0,58678,0
7672,1,0 days 09:30:00.083364019,0,0,58679,0
5705,3,0 days 09:30:00.083762371,11982,39800,58746,0
5343,1,0 days 09:30:00.083834437,0,0,58747,0
1596,2,0 days 09:30:00.084092377,917,4500,58751,0
7870,1,0 days 09:30:00.084109035,0,0,58752,0
1701,1,0 days 09:30:00.084355169,0,0,58785,0
3500,1,0 days 09:30:00.084411870,0,0,58787,0
2139,1,0 days 09:30:00.084510184,0,0,58817,0
7174,1,0 days 09:30:00.084638042,0,0,58818,0
5576,1,0 days 09:30:00.084691796,0,0,58839,0
1887,1,0 days 09:30:00.084751047,0,0,58861,0
6191,1,0 days 09:30:00.084900977,5195,171300,58908,0
3824,2,0 days 09:30:00.084960237,19,124600,58929,0
5303,2,0 days 09:30:00.085054366,16,41300,58933,0
427,1,0 days 09:30:00.085196435,0,0,58975,0
7505,1,0 days 09:30:00.085344415,0,0,58976,0
4627,2,0 days 09:30:00.085382880,1556,117000,58978,0
6508,1,0 days 09:30:00.085448219,0,0,58981,0
4126,2,0 days 09:30:00.085621572,28,36800,58984,0
5640,1,0 days 09:30:00.085765169,0,0,58987,0
4550,1,0 days 09:30:00.085915815,821,219700,58989,0
3689,1,0 days 09:30:00.085993494,0,0,59020,0
3940,1,0 days 09:30:00.086216163,0,0,59036,0
1940,1,0 days 09:30:00.086282736,0,0,59053,0
4953,2,0 days 09:30:00.086487801,953,8890,59055,0
7037,1,0 days 09:30:00.086670493,0,0,59058,0
466,1,0 days 09:30:00.086788271,2058,20100,59067,0
1521,1,0 days 09:30:00.086920101,0,0,59080,0
8431,1,0 days 09:30:00.087002179,0,0,59104,0
7295,2,0 days 09:30:00.087115910,2304,6900,59107,0
4623,1,0 days 09:30:00.087195744,0,0,59110,0
3632,1,0 days 09:30:00.087332612,17,388800,59112,0
7080,1,0 days 09:30:00.087436956,0,0,59145,0
6977,1,0 days 09:30:00.087468772,0,0,59148,0
3069,1,0 days 09:30:00.087556833,0,0,59149,0
6528,1,0 days 09:30:00.087654053,0,0,59150,0
7921,1,0 days 09:30:00.087661701,0,0,59151,0
2027,1,0 days 09:30:00.088016609,9968,360700,59152,0
828,1,0 days 09:30:00.088203257,1364,30100,59153,0
449,1,0 days 09:30:00.088342142,831,1107200,59156,0
2609,1,0 days 09:30:00.088462715,0,0,59161,0
5304,1,0 days 09:30:00.088539825,4286,269900,59162,0
2220,1,0 days 09:30:00.088759459,0,0,59195,0
2161,1,0 days 09:30:00.088863147,0,0,59196,0
8191,2,0 days 09:30:00.088910952,1185,330900,59198,0
4226,1,0 days 09:30:00.089087589,0,0,59201,0
1126,1,0 days 09:30:00.089103130,395,16600,59202,0
365,1,0 days 09:30:00.089271596,648,472300,59235,0
275,1,0 days 09:30:00.089343277,0,0,59236,0
7247,2,0 days 09:30:00.089492067,1361,327800,59270,0
598,1,0 days 09:30:00.089649816,0,0,59273,0
1061,1,0 days 09:30:00.089758170,0,0,59274,0
4040,4,0 days 09:30:00.089856722,1384,3700,59304,0
1060,1,0 days 09:30:00.089934950,0,0,59307,0
8187,1,0 days 09:30:00.090115492,0,0,59340,0
1188,1,0 days 09:30:00.090198759,0,0,59341,0
8266,1,0 days 09:30:00.090447735,0,0,59382,0
6443,1,0 days 09:30:00.090520479,0,0,59400,0
2189,1,0 days 09:30:00.090587086,0,0,59426,0
2885,1,0 days 09:30:00.090746232,0,0,59475,0
4450,1,0 days 09:30:00.090823343,0,0,59498,0
1672,2,0 days 09:30:00.090908495,10,33600,59520,0
6525,1,0 days 09:30:00.091066870,1684,740700,59578,0
1550,1,0 days 09:30:00.091198040,0,0,59581,0
656,1,0 days 09:30:00.091353501,1480,186300,59583,0
8220,1,0 days 09:30:00.091365341,0,0,59584,0
3861,1,0 days 09:30:00.091551225,0,0,59618,0
1101,1,0 days 09:30:00.091701019,0,0,59623,0
4567,1,0 days 09:30:00.091714075,0,0,59624,0
8592,2,0 days 09:30:00.091786962,21,263000,59653,0
5088,1,0 days 09:30:00.091989733,875,774200,59682,0
7472,1,0 days 09:30:00.092078891,0,0,59685,0
7133,2,0 days 09:30:00.092263086,14281,1448,59687,0
7620,1,0 days 09:30:00.092366182,0,0,59720,0
636,1,0 days 09:30:00.092411780,0,0,59721,0
5813,1,0 days 09:30:00.092580206,0,0,59752,0
5625,1,0 days 09:30:00.092686764,0,0,59763,0
3480,1,0 days 09:30:00.092701278,0,0,59784,0
4873,4,0 days 09:30:00.092891065,502,11000,59806,0
4731,1,0 days 09:30:00.093015536,0,0,59810,0
7754,1,0 days 09:30:00.093066865,0,0,59811,0
6521,1,0 days 09:30:00.094585362,48683,887100,59834,0
6447,1,0 days 09:30:00.094913605,34101,22500,59835,0
4556,1,0 days 09:30:00.095912596,0,0,59841,0
3101,3,0 days 09:30:00.097081084,11552,563100,59875,0
4534,2,0 days 09:30:00.097161992,987,163000,59877,0
380,1,0 days 09:30:00.097944700,5196,80100,59883,0
5669,1,0 days 09:30:00.098308223,0,0,59916,0
4808,2,0 days 09:30:00.098436763,100,580400,59918,0
1794,1,0 days 09:30:00.098473984,3511,38000,59920,0
5051,1,0 days 09:30:00.098543234,0,0,59923,0
7095,2,0 days 09:30:00.098780119,3576,14300,59925,0
8195,1,0 days 09:30:00.098953740,0,0,59928,0
5604,1,0 days 09:30:00.099140938,0,0,59929,0
8394,1,0 days 09:30:00.099286006,0,0,59952,0
818,2,0 days 09:30:00.099402108,1,103500,59962,0
8398,1,0 days 09:30:00.099441557,18477,531300,59965,0
8731,1,0 days 09:30:00.099560512,1701,74500,59966,0
7501,1,0 days 09:30:00.099733828,0,0,59972,0
7258,1,0 days 09:30:00.099880444,0,0,59973,0
7181,1,0 days 09:30:00.100010442,731,90800,59974,0
1606,1,0 days 09:30:00.100118777,0,0,60007,0
3450,2,0 days 09:30:00.100249396,4292,57900,60009,0
4607,1,0 days 09:30:00.100363405,4254,269300,60013,0
4056,1,0 days 09:30:00.100537166,13128,579400,60018,0
1218,1,0 days 09:30:00.100717949,746,11300,60051,0
6725,1,0 days 09:30:00.100801335,0,0,60054,0
2516,1,0 days 09:30:00.100830880,0,0,60055,0
2820,1,0 days 09:30:00.100944243,0,0,60056,0
7315,2,0 days 09:30:00.101051580,100,1508,60058,0
2410,1,0 days 09:30:00.101203536,0,0,60082,0
819,1,0 days 09:30:00.101371667,0,0,60093,0
596,1,0 days 09:30:00.101457257,3427,236300,60094,0
3729,1,0 days 09:30:00.101483346,0,0,60095,0
2001,1,0 days 09:30:00.101592883,0,0,60128,0
1918,1,0 days 09:30:00.101715724,0,0,60129,0
1103,1,0 days 09:30:00.101832705,0,0,60135,0
8164,1,0 days 09:30:00.101871050,0,0,60148,0
2226,1,0 days 09:30:00.101916890,0,0,60163,0
83,1,0 days 09:30:00.102054257,0,0,60165,0
567,1,0 days 09:30:00.102204688,0,0,60196,0
8783,1,0 days 09:30:00.102271461,0,0,60197,0
4859,1,0 days 09:30:00.102454971,369,329400,60221,0
7885,1,0 days 09:30:00.102583609,0,0,60254,0
3082,1,0 days 09:30:00.102652878,0,0,60262,0
1078,1,0 days 09:30:00.102785588,0,0,60294,0
4616,3,0 days 09:30:00.102788532,44052,4600,60297,0
2532,1,0 days 09:30:00.102989411,0,0,60331,0
1955,2,0 days 09:30:00.103321169,8541,107000,60400,0
391,1,0 days 09:30:00.103511194,0,0,60448,0
6034,1,0 days 09:30:00.103634389,4911,86700,60449,0
6063,1,0 days 09:30:00.103741112,7136,167300,60481,0
4175,2,0 days 09:30:00.104031426,3991,239000,60520,0
3053,1,0 days 09:30:00.104204064,0,0,60551,0
6624,1,0 days 09:30:00.104251677,0,0,60552,0
5747,2,0 days 09:30:00.104456406,745,585600,60586,0
8140,1,0 days 09:30:00.104599027,0,0,60619,0
6856,1,0 days 09:30:00.104750289,0,0,60650,0
7349,1,0 days 09:30:00.104774683,0,0,60651,0
2883,1,0 days 09:30:00.104841485,200,256200,60662,0
6150,1,0 days 09:30:00.104967900,142,420300,60697,0
8397,1,0 days 09:30:00.105093891,536,280800,60743,0
2771,1,0 days 09:30:00.105189225,0,0,60776,0
1128,1,0 days 09:30:00.105247909,0,0,60794,0
476,2,0 days 09:30:00.105470178,4595,28300,60839,0
1946,2,0 days 09:30:00.105596425,78,102000,60877,0
6618,1,0 days 09:30:00.105633929,0,0,60886,0
2408,1,0 days 09:30:00.105916055,11200,1145100,60932,0
1837,1,0 days 09:30:00.106062831,0,0,60965,0
7664,2,0 days 09:30:00.106112235,1703,254500,60967,0
3305,1,0 days 09:30:00.106296460,135,109900,61001,0
6565,1,0 days 09:30:00.106536088,0,0,61066,0
5732,1,0 days 09:30:00.106596988,657,331200,61084,0
1352,1,0 days 09:30:00.106678759,0,0,61088,0
160,1,0 days 09:30:00.106814180,391,271600,61121,0
4572,1,0 days 09:30:00.107023838,0,0,61186,0
4473,1,0 days 09:30:00.107085771,268,762800,61217,0
4335,1,0 days 09:30:00.107157783,0,0,61247,0
5232,1,0 days 09:30:00.107396545,0,0,61325,0
4803,1,0 days 09:30:00.107490799,1386,16600,61364,0
4920,1,0 days 09:30:00.107548210,0,0,61369,0
3544,1,0 days 09:30:00.107764271,0,0,61415,0
3109,1,0 days 09:30:00.107851620,0,0,61464,0
6718,1,0 days 09:30:00.107956808,0,0,61510,0
6830,1,0 days 09:30:00.108030399,1609,534200,61529,0
4278,1,0 days 09:30:00.108060102,0,0,61543,0
5864,1,0 days 09:30:00.108212516,0,0,61563,0
3878,1,0 days 09:30:00.108296835,0,0,61577,0
6025,1,0 days 09:30:00.108399465,0,0,61608,0
1736,2,0 days 09:30:00.108544288,1027,478700,61656,0
5133,1,0 days 09:30:00.108630321,0,0,61690,0
5737,1,0 days 09:30:00.108705256,0,0,61721,0
3594,3,0 days 09:30:00.108900177,1278,135000,61789,0
6003,1,0 days 09:30:00.109016684,0,0,61822,0
4498,1,0 days 09:30:00.109127123,0,0,61870,0
1912,1,0 days 09:30:00.109198672,0,0,61914,0
5491,1,0 days 09:30:00.109263127,0,0,61932,0
6523,1,0 days 09:30:00.109346323,0,0,61965,0
569,1,0 days 09:30:00.109400623,0,0,61996,0
7423,2,0 days 09:30:00.109589273,2135,104200,62069,0
8348,1,0 days 09:30:00.109838933,3728,833300,62154,0
8184,1,0 days 09:30:00.110023137,0,0,62196,0
6022,1,0 days 09:30:00.110161614,0,0,62224,0
7805,1,0 days 09:30:00.110289838,0,0,62248,0
3597,1,0 days 09:30:00.110397478,0,0,62257,0
5274,2,0 days 09:30:00.110694525,78351,266000,62368,0
5987,1,0 days 09:30:00.110756373,0,0,62370,0
3725,1,0 days 09:30:00.111314959,0,0,62405,0
2529,1,0 days 09:30:00.111892031,0,0,62439,0
1230,1,0 days 09:30:00.112174611,4,141800,62464,0
5758,2,0 days 09:30:00.112355620,3,251200,62474,0
7922,1,0 days 09:30:00.112421957,0,0,62507,0
5006,1,0 days 09:30:00.112486132,0,0,62508,0
985,2,0 days 09:30:00.112622625,500,19600,62540,0
676,1,0 days 09:30:00.112888991,0,0,62586,0
8310,1,0 days 09:30:00.113198416,1819,291100,62647,0
2409,1,0 days 09:30:00.113368044,0,0,62696,0
2965,1,0 days 09:30:00.113419835,0,0,62711,0
782,1,0 days 09:30:00.113547605,0,0,62769,0
886,1,0 days 09:30:00.113755245,2049,375000,62887,0
7207,1,0 days 09:30:00.113890081,245,230800,62905,0
3797,1,0 days 09:30:00.113971616,0,0,62927,0
2755,3,0 days 09:30:00.114104684,1301,535500,62975,0
3326,1,0 days 09:30:00.114570623,0,0,63246,0
3265,1,0 days 09:30:00.114857208,0,0,63347,0
8052,3,0 days 09:30:00.114877743,12283,550400,63350,0
5157,1,0 days 09:30:00.115035660,0,0,63383,0
5513,1,0 days 09:30:00.115084304,0,0,63384,0
2084,1,0 days 09:30:00.115360343,4316,745700,63416,0
2014,1,0 days 09:30:00.115538259,0,0,63449,0
4606,1,0 days 09:30:00.115609268,0,0,63450,0
4023,1,0 days 09:30:00.115741673,0,0,63481,0
7091,1,0 days 09:30:00.115816743,0,0,63490,0
8662,1,0 days 09:30:00.115882984,0,0,63514,0
2038,1,0 days 09:30:00.115935864,0,0,63546,0
6578,1,0 days 09:30:00.115979627,1519,46000,63577,0
7880,1,0 days 09:30:00.116189955,1132,47900,63669,0
2573,1,0 days 09:30:00.116333254,0,0,63702,0
269,1,0 days 09:30:00.116418869,292,17200,63716,0
6695,1,0 days 09:30:00.116433951,0,0,63730,0
710,1,0 days 09:30:00.116598877,439,224100,63753,0
6918,1,0 days 09:30:00.116735617,0,0,63786,0
4876,1,0 days 09:30:00.116890203,1732,49400,63829,0
5321,1,0 days 09:30:00.116956925,0,0,63830,0
7260,1,0 days 09:30:00.117072823,0,0,63837,0
6785,1,0 days 09:30:00.117195176,3390,23800,63838,0
3811,1,0 days 09:30:00.117277675,0,0,63841,0
4766,1,0 days 09:30:00.117308998,0,0,63842,0
6118,1,0 days 09:30:00.117416898,200,393000,63843,0
1546,1,0 days 09:30:00.117492719,0,0,63845,0
4105,2,0 days 09:30:00.117819020,4444,3322500,63849,0
3538,1,0 days 09:30:00.117877224,0,0,63850,0
2032,1,0 days 09:30:00.118133618,0,0,63883,0
7048,1,0 days 09:30:00.118255175,0,0,63884,0
6839,1,0 days 09:30:00.118314524,0,0,63885,0
5380,1,0 days 09:30:00.118414689,0,0,63886,0
1289,1,0 days 09:30:00.118514374,95,267500,63887,0
2905,1,0 days 09:30:00.118557028,0,0,63890,0
2661,1,0 days 09:30:00.118598169,0,0,63891,0
7480,3,0 days 09:30:00.118721621,2027,15000,63895,0
4387,1,0 days 09:30:00.118774366,0,0,63917,0
408,1,0 days 09:30:00.118841931,0,0,63927,0
2648,1,0 days 09:30:00.119014537,0,0,63931,0
1533,1,0 days 09:30:00.119147258,10078,2027900,63934,0
5290,2,0 days 09:30:00.119374057,816,633700,63972,0
5136,1,0 days 09:30:00.119428074,0,0,63973,0
5217,1,0 days 09:30:00.119654279,0,0,63977,0
3210,1,0 days 09:30:00.119894045,0,0,64008,0
2513,1,0 days 09:30:00.120027487,0,0,64009,0
2085,1,0 days 09:30:00.120137603,0,0,64010,0
956,1,0 days 09:30:00.120233833,0,0,64040,0
7956,2,0 days 09:30:00.120296501,15666,8580,64043,0
7039,1,0 days 09:30:00.120338483,0,0,64044,0
5478,1,0 days 09:30:00.120545971,0,0,64078,0
4655,3,0 days 09:30:00.120698213,1332,339900,64084,0
7586,1,0 days 09:30:00.120759568,0,0,64117,0
6377,1,0 days 09:30:00.120819917,0,0,64119,0
6449,1,0 days 09:30:00.121035515,26119,246800,64154,0
6026,1,0 days 09:30:00.121172317,0,0,64170,0
5241,2,0 days 09:30:00.121232303,777,220200,64180,0
2115,1,0 days 09:30:00.121277085,0,0,64192,0
2807,1,0 days 09:30:00.121370165,0,0,64193,0
3914,1,0 days 09:30:00.121449341,0,0,64203,0
2791,1,0 days 09:30:00.121579742,0,0,64225,0
3997,1,0 days 09:30:00.121618002,0,0,64226,0
7773,2,0 days 09:30:00.121692520,232,51300,64249,0
1,1,0 days 09:30:00.121832091,0,0,64282,0
7725,1,0 days 09:30:00.121896093,0,0,64313,0
3637,1,0 days 09:30:00.121946203,1117,190100,64339,0
4559,1,0 days 09:30:00.122085722,0,0,64377,0
6563,1,0 days 09:30:00.122141778,4,85000,64386,0
4419,1,0 days 09:30:00.122162789,0,0,64403,0
6632,1,0 days 09:30:00.122233876,0,0,64420,0
4165,2,0 days 09:30:00.122412804,10879,5500,64480,0
8277,1,0 days 09:30:00.122441652,0,0,64482,0
645,1,0 days 09:30:00.122582336,0,0,64526,0
6400,1,0 days 09:30:00.122743581,76,565800,64605,0
665,1,0 days 09:30:00.122984759,0,0,64716,0
4540,1,0 days 09:30:00.123170185,2337,207400,64792,0
5920,1,0 days 09:30:00.123389007,802,172000,64855,0
8019,1,0 days 09:30:00.123549258,0,0,64880,0
6984,1,0 days 09:30:00.123640003,0,0,64898,0
8664,1,0 days 09:30:00.123720625,0,0,64920,0
2456,1,0 days 09:30:00.124040693,27512,267100,64930,0
2305,1,0 days 09:30:00.124101543,0,0,64931,0
6219,1,0 days 09:30:00.124458608,0,0,64934,0
4597,1,0 days 09:30:00.124691931,0,0,64935,0
5112,1,0 days 09:30:00.124988825,853,1097000,64937,0
578,1,0 days 09:30:00.125125703,0,0,64942,0
2133,4,0 days 09:30:00.125286726,43934,33000,64946,0
8460,1,0 days 09:30:00.125294057,1100,455700,64947,0
8566,1,0 days 09:30:00.125492913,0,0,64982,0
156,1,0 days 09:30:00.125687434,8970,27000,64983,0
2629,2,0 days 09:30:00.125890452,2245,16100,64987,0
3580,1,0 days 09:30:00.126027640,0,0,64991,0
4202,1,0 days 09:30:00.126212427,4684,277700,64992,0
4101,1,0 days 09:30:00.126304228,1534,1930900,64993,0
2939,1,0 days 09:30:00.126421921,0,0,65000,0
1974,1,0 days 09:30:00.126566086,0,0,65032,0
8685,1,0 days 09:30:00.126719853,0,0,65033,0
5346,1,0 days 09:30:00.126822451,0,0,65034,0
3698,1,0 days 09:30:00.126825159,0,0,65035,0
1314,1,0 days 09:30:00.126993290,0,0,65038,0
7019,1,0 days 09:30:00.127124714,0,0,65039,0
2435,1,0 days 09:30:00.127212188,0,0,65040,0
3908,1,0 days 09:30:00.127387830,2955,2517500,65042,0
8774,3,0 days 09:30:00.127524430,2204,146000,65077,0
8362,1,0 days 09:30:00.127567039,0,0,65078,0
681,3,0 days 09:30:00.127781108,3041,11100,65083,0
4227,1,0 days 09:30:00.127902599,0,0,65086,0
1003,1,0 days 09:30:00.128028373,0,0,65087,0
1448,3,0 days 09:30:00.128062686,250,101300,65090,0
1578,1,0 days 09:30:00.128153840,0,0,65093,0
6339,1,0 days 09:30:00.128348899,2236,418500,65124,0
6017,1,0 days 09:30:00.128487992,0,0,65127,0
4689,2,0 days 09:30:00.128591280,702,37300,65129,0
5221,2,0 days 09:30:00.128606896,100,56000,65131,0
1349,1,0 days 09:30:00.128739159,250,559300,65136,0
2847,1,0 days 09:30:00.128806983,0,0,65139,0
648,1,0 days 09:30:00.128893994,0,0,65140,0
4659,1,0 days 09:30:00.129110426,994,756100,65174,0
4718,1,0 days 09:30:00.129151065,0,0,65175,0
1575,1,0 days 09:30:00.129268129,0,0,65179,0
7806,1,0 days 09:30:00.129437244,0,0,65180,0
1774,1,0 days 09:30:00.129503040,0,0,65186,0
6491,1,0 days 09:30:00.129530330,0,0,65199,0
6310,1,0 days 09:30:00.129599407,0,0,65213,0
8428,1,0 days 09:30:00.129716770,653,1200200,65214,0
2339,1,0 days 09:30:00.129842041,4,164900,65218,0
2898,1,0 days 09:30:00.129915595,1000,509300,65221,0
4972,2,0 days 09:30:00.129978438,207,253800,65223,0
4043,1,0 days 09:30:00.130002373,2289,42800,65225,0
7043,1,0 days 09:30:00.130078792,0,0,65261,0
8241,1,0 days 09:30:00.130435639,0,0,65267,0
1163,2,0 days 09:30:00.130451762,6182,32000,65281,0
4806,2,0 days 09:30:00.130661307,622,15200,65298,0
3684,1,0 days 09:30:00.130857875,0,0,65322,0
514,2,0 days 09:30:00.130885084,2907,5600,65334,0
2311,1,0 days 09:30:00.131023717,1500,41800,65337,0
7709,1,0 days 09:30:00.131177913,0,0,65370,0
7993,1,0 days 09:30:00.131216668,0,0,65371,0
6616,1,0 days 09:30:00.131315205,0,0,65392,0
2128,12,0 days 09:30:00.131426785,3471,149500,65414,0
593,1,0 days 09:30:00.131542673,214,7365000,65445,0
8177,1,0 days 09:30:00.131571433,0,0,65449,0
7215,1,0 days 09:30:00.131661942,0,0,65466,0
3248,1,0 days 09:30:00.131777548,0,0,65482,0
188,2,0 days 09:30:00.131886660,1119,259300,65507,0
1902,1,0 days 09:30:00.131966115,25,281100,65520,0
6161,1,0 days 09:30:00.132042434,6836,60900,65540,0
7685,1,0 days 09:30:00.132189536,1125,385400,65569,0
2624,2,0 days 09:30:00.132288586,100,15100,65578,0
2132,1,0 days 09:30:00.132300152,0,0,65579,0
8857,1,0 days 09:30:00.132365676,0,0,65597,0
4291,1,0 days 09:30:00.132448094,115,247700,65609,0
7714,2,0 days 09:30:00.132612743,2279,64500,65644,0
4997,1,0 days 09:30:00.132814578,0,0,65671,0
8021,1,0 days 09:30:00.132959381,6164,271700,65696,0
4306,1,0 days 09:30:00.133070528,0,0,65729,0
3633,1,0 days 09:30:00.133132105,0,0,65732,0
7475,1,0 days 09:30:00.133309046,0,0,65763,0
5302,1,0 days 09:30:00.133389952,0,0,65792,0
6379,1,0 days 09:30:00.133422693,0,0,65795,0
5569,1,0 days 09:30:00.133511564,0,0,65824,0
91,5,0 days 09:30:00.133706775,4963,100600,65873,0
2361,1,0 days 09:30:00.133716574,0,0,65874,0
5666,1,0 days 09:30:00.133825325,0,0,65907,0
8817,2,0 days 09:30:00.134081591,400,36800,65969,0
2087,1,0 days 09:30:00.134241278,0,0,66008,0
8053,1,0 days 09:30:00.134382918,0,0,66040,0
3842,1,0 days 09:30:00.134489218,0,0,66058,0
3011,1,0 days 09:30:00.134599243,0,0,66089,0
5266,1,0 days 09:30:00.134696161,8203,195400,66117,0
5212,1,0 days 09:30:00.134801674,2212,48000,66148,0
7489,1,0 days 09:30:00.135216332,5939,1294500,66183,0
5594,1,0 days 09:30:00.135412324,0,0,66199,0
3849,1,0 days 09:30:00.135447818,0,0,66217,0
2822,2,0 days 09:30:00.135615195,687,652800,66219,0
7252,1,0 days 09:30:00.135702304,0,0,66222,0
2929,1,0 days 09:30:00.135780532,0,0,66236,0
647,1,0 days 09:30:00.135852689,0,0,66254,0
5545,2,0 days 09:30:00.136025303,95,460600,66266,0
4465,1,0 days 09:30:00.136063515,0,0,66272,0
5686,1,0 days 09:30:00.136309530,0,0,66352,0
4130,1,0 days 09:30:00.136394304,0,0,66378,0
6481,1,0 days 09:30:00.136533437,0,0,66420,0
2935,2,0 days 09:30:00.136850736,276,33400,66597,0
4558,1,0 days 09:30:00.137062461,0,0,66664,0
6087,2,0 days 09:30:00.137231072,120,321900,66739,0
7913,2,0 days 09:30:00.137536048,857,130400,66868,0
7644,1,0 days 09:30:00.137594818,0,0,66887,0
7749,1,0 days 09:30:00.137941784,0,0,67052,0
1742,1,0 days 09:30:00.138021142,2167,586200,67096,0
3396,1,0 days 09:30:00.138159333,0,0,67128,0
4330,1,0 days 09:30:00.138421698,0,0,67178,0
2172,1,0 days 09:30:00.138627959,0,0,67179,0
3553,1,0 days 09:30:00.138858486,0,0,67184,0
5093,1,0 days 09:30:00.138905506,0,0,67185,0
561,1,0 days 09:30:00.139200662,308,69800,67186,0
5899,1,0 days 09:30:00.139320661,0,0,67189,0
7738,1,0 days 09:30:00.139501682,0,0,67190,0
5394,2,0 days 09:30:00.139565009,600,78400,67192,0
691,1,0 days 09:30:00.139700659,0,0,67195,0
5974,1,0 days 09:30:00.139755709,0,0,67196,0
6806,1,0 days 09:30:00.139819168,796,344800,67197,0
6906,1,0 days 09:30:00.139962465,0,0,67200,0
5821,1,0 days 09:30:00.140061978,0,0,67201,0
1183,1,0 days 09:30:00.140141212,3036,431300,67202,0
4845,1,0 days 09:30:00.140277749,0,0,67206,0
2272,1,0 days 09:30:00.140404521,0,0,67208,0
5935,1,0 days 09:30:00.140561460,0,0,67209,0
7534,1,0 days 09:30:00.140815008,0,0,67210,0
4054,1,0 days 09:30:00.141008472,0,0,67214,0
7795,1,0 days 09:30:00.141288191,10593,108700,67215,0
504,1,0 days 09:30:00.141449185,0,0,67218,0
5546,2,0 days 09:30:00.141476892,6135,216100,67220,0
7192,1,0 days 09:30:00.141646080,296,328000,67222,0
7966,1,0 days 09:30:00.141991768,0,0,67242,0
5760,1,0 days 09:30:00.142013753,0,0,67243,0
1201,1,0 days 09:30:00.142160456,902,25200,67250,0
3116,1,0 days 09:30:00.142282957,254,565400,67261,0
7329,1,0 days 09:30:00.142497576,2439,236800,67264,0
1511,3,0 days 09:30:00.142565638,8713,31100,67269,0
5524,1,0 days 09:30:00.142734268,0,0,67272,0
2591,2,0 days 09:30:00.142897672,1,50000,67274,0
3315,1,0 days 09:30:00.142997171,0,0,67277,0
5937,3,0 days 09:30:00.143097538,479,405000,67280,0
4698,1,0 days 09:30:00.143494500,0,0,67285,0
8709,1,0 days 09:30:00.143691969,6683,1402500,67287,0
3064,1,0 days 09:30:00.143716531,0,0,67288,0
7313,1,0 days 09:30:00.144086037,149,59800,67321,0
8084,1,0 days 09:30:00.144387852,225,334500,67328,0
6655,1,0 days 09:30:00.144400604,0,0,67329,0
2931,1,0 days 09:30:00.144525086,0,0,67332,0
5912,1,0 days 09:30:00.144619183,0,0,67333,0
692,1,0 days 09:30:00.144757653,0,0,67334,0
7459,3,0 days 09:30:00.144873824,10936,281600,67337,0
1440,1,0 days 09:30:00.145042848,0,0,67340,0
6224,1,0 days 09:30:00.145061770,68,333700,67341,0
3027,1,0 days 09:30:00.145175096,0,0,67344,0
5802,1,0 days 09:30:00.145293318,0,0,67345,0
2588,1,0 days 09:30:00.145432722,0,0,67348,0
6896,1,0 days 09:30:00.145500369,0,0,67353,0
1331,1,0 days 09:30:00.145516131,0,0,67354,0
6562,1,0 days 09:30:00.145688746,24497,85900,67374,0
4190,1,0 days 09:30:00.145880909,0,0,67385,0
6188,1,0 days 09:30:00.145951403,0,0,67387,0
7387,1,0 days 09:30:00.146208417,0,0,67389,0
6789,1,0 days 09:30:00.146221447,0,0,67390,0
2575,1,0 days 09:30:00.146352869,0,0,67392,0
2684,1,0 days 09:30:00.146422924,0,0,67393,0
5735,1,0 days 09:30:00.146561106,0,0,67396,0
4976,1,0 days 09:30:00.146612188,0,0,67411,0
5860,1,0 days 09:30:00.146777432,0,0,67424,0
5219,1,0 days 09:30:00.146956082,0,0,67433,0
2496,1,0 days 09:30:00.147008231,0,0,67434,0
6969,1,0 days 09:30:00.147113191,0,0,67435,0
1861,1,0 days 09:30:00.147259733,0,0,67436,0
3896,1,0 days 09:30:00.147283017,3001,24900,67437,0
3206,1,0 days 09:30:00.147440807,275,466600,67462,0
4648,1,0 days 09:30:00.147531266,0,0,67475,0
5446,1,0 days 09:30:00.147581697,0,0,67476,0
7633,2,0 days 09:30:00.147743334,7486,367800,67479,0
1759,1,0 days 09:30:00.147835784,0,0,67491,0
185,1,0 days 09:30:00.147892901,0,0,67500,0
1168,1,0 days 09:30:00.147944589,4,347700,67506,0
6814,1,0 days 09:30:00.148020434,0,0,67515,0
70,1,0 days 09:30:00.148114628,0,0,67518,0
3738,1,0 days 09:30:00.148190112,0,0,67519,0
3425,3,0 days 09:30:00.148255317,619,203600,67531,0
2208,1,0 days 09:30:00.148288171,0,0,67534,0
6526,1,0 days 09:30:00.148383308,0,0,67549,0
8738,1,0 days 09:30:00.148516055,0,0,67558,0
3048,1,0 days 09:30:00.148557664,0,0,67559,0
7648,1,0 days 09:30:00.148659690,0,0,67577,0
3889,1,0 days 09:30:00.148863408,0,0,67591,0
7217,1,0 days 09:30:00.149191909,0,0,67635,0
132,1,0 days 09:30:00.149447976,0,0,67690,0
2775,1,0 days 09:30:00.149731838,0,0,67795,0
8855,1,0 days 09:30:00.150006322,0,0,67946,0
3375,2,0 days 09:30:00.150375939,2240,56500,68128,0
4088,2,0 days 09:30:00.150572931,576,23100,68170,0
2223,1,0 days 09:30:00.150687598,0,0,68173,0
7977,2,0 days 09:30:00.150968965,116,36500,68176,0
2371,1,0 days 09:30:00.151272561,0,0,68179,0
4267,2,0 days 09:30:00.151584301,105,242600,68184,0
2417,1,0 days 09:30:00.151623438,0,0,68185,0
4282,2,0 days 09:30:00.152030608,2270,837500,68191,0
1585,2,0 days 09:30:00.152205093,609,39200,68195,0
6780,1,0 days 09:30:00.152310223,0,0,68203,0
606,1,0 days 09:30:00.152488769,0,0,68224,0
2421,1,0 days 09:30:00.152633654,0,0,68229,0
2031,1,0 days 09:30:00.152664189,0,0,68232,0
5517,1,0 days 09:30:00.152813506,0,0,68233,0
1881,1,0 days 09:30:00.152934911,0,0,68234,0
1310,1,0 days 09:30:00.153046095,0,0,68240,0
5356,3,0 days 09:30:00.153198765,3918,7200,68243,0
8878,2,0 days 09:30:00.153257681,2079,420000,68246,0
3013,1,0 days 09:30:00.153621591,0,0,68271,0
3534,1,0 days 09:30:00.153654661,0,0,68272,0
7688,1,0 days 09:30:00.153837272,0,0,68278,0
6209,1,0 days 09:30:00.154016719,0,0,68280,0
7397,1,0 days 09:30:00.154154253,0,0,68290,0
4934,1,0 days 09:30:00.154174248,300,61200,68291,0
6240,1,0 days 09:30:00.154673800,0,0,68317,0
4464,1,0 days 09:30:00.154761409,0,0,68322,0
1598,1,0 days 09:30:00.154846479,0,0,68323,0
1656,1,0 days 09:30:00.154933446,0,0,68326,0
6045,1,0 days 09:30:00.155041615,0,0,68334,0
3815,2,0 days 09:30:00.155092494,3667,123500,68336,0
1147,1,0 days 09:30:00.155222266,0,0,68341,0
839,1,0 days 09:30:00.155292189,0,0,68362,0
1718,1,0 days 09:30:00.155398647,1871,171800,68370,0
168,1,0 days 09:30:00.155561372,0,0,68378,0
8705,2,0 days 09:30:00.155624679,381,22400,68382,0
1054,1,0 days 09:30:00.155815311,0,0,68410,0
5504,1,0 days 09:30:00.155892023,0,0,68416,0
5493,1,0 days 09:30:00.155954922,0,0,68419,0
1599,1,0 days 09:30:00.156152264,0,0,68444,0
4505,1,0 days 09:30:00.156196694,0,0,68450,0
7414,1,0 days 09:30:00.156262993,0,0,68453,0
1651,1,0 days 09:30:00.156349215,0,0,68477,0
4590,1,0 days 09:30:00.156447293,0,0,68486,0
5781,1,0 days 09:30:00.156503832,689,253900,68515,0
3557,1,0 days 09:30:00.156610170,0,0,68545,0
5100,1,0 days 09:30:00.156666701,0,0,68549,0
6101,1,0 days 09:30:00.156708323,0,0,68554,0
1091,1,0 days 09:30:00.156858613,0,0,68600,0
5543,1,0 days 09:30:00.156981500,0,0,68620,0
6738,1,0 days 09:30:00.157044473,362,251500,68621,0
2246,1,0 days 09:30:00.157120851,815,85500,68624,0
5066,1,0 days 09:30:00.157215349,0,0,68627,0
5697,1,0 days 09:30:00.157270055,0,0,68628,0
1747,2,0 days 09:30:00.157327966,1176,258100,68630,0
2793,1,0 days 09:30:00.157488266,16,249800,68633,0
2499,1,0 days 09:30:00.157534045,0,0,68634,0
4404,1,0 days 09:30:00.157578731,0,0,68637,0
8458,1,0 days 09:30:00.157725503,210,1230600,68638,0
8565,1,0 days 09:30:00.157817820,0,0,68641,0
8356,1,0 days 09:30:00.157862315,0,0,68642,0
912,2,0 days 09:30:00.158028704,15410,12200,68644,0
4613,1,0 days 09:30:00.158134122,0,0,68647,0
3455,1,0 days 09:30:00.158263990,4812,214600,68652,0
6673,1,0 days 09:30:00.158443427,0,0,68655,0
2196,1,0 days 09:30:00.158487663,0,0,68657,0
1754,1,0 days 09:30:00.158689963,4463,209500,68660,0
5229,1,0 days 09:30:00.158854272,0,0,68663,0
3901,1,0 days 09:30:00.158949089,0,0,68664,0
8111,2,0 days 09:30:00.159050209,422,524200,68666,0
7590,1,0 days 09:30:00.159178030,3817,238000,68687,0
8261,1,0 days 09:30:00.159233486,0,0,68695,0
1414,2,0 days 09:30:00.159401719,3451,160200,68704,0
679,1,0 days 09:30:00.159605438,1442,1216300,68707,0
4321,1,0 days 09:30:00.159730204,0,0,68710,0
5123,1,0 days 09:30:00.159802414,0,0,68711,0
1593,1,0 days 09:30:00.159933954,0,0,68713,0
6677,1,0 days 09:30:00.160097691,594,155600,68714,0
4649,1,0 days 09:30:00.160232274,0,0,68717,0
1077,1,0 days 09:30:00.160305913,0,0,68718,0
923,1,0 days 09:30:00.160420891,854,788700,68720,0
6098,2,0 days 09:30:00.160439700,3043,7607,68722,0
5975,1,0 days 09:30:00.160670891,5839,385600,68727,0
1666,1,0 days 09:30:00.160830105,0,0,68730,0
2450,1,0 days 09:30:00.160943867,0,0,68731,0
7615,1,0 days 09:30:00.160967005,0,0,68732,0
3744,1,0 days 09:30:00.161146015,0,0,68752,0
42,1,0 days 09:30:00.161282165,0,0,68765,0
4371,1,0 days 09:30:00.161385671,0,0,68767,0
8213,1,0 days 09:30:00.161488643,0,0,68768,0
6514,2,0 days 09:30:00.161496207,226,512200,68770,0
5923,2,0 days 09:30:00.161712026,2941,79300,68774,0
2391,1,0 days 09:30:00.161807947,0,0,68777,0
8392,1,0 days 09:30:00.161883044,0,0,68778,0
917,1,0 days 09:30:00.161990301,0,0,68779,0
3681,1,0 days 09:30:00.162400381,2349,336200,68781,0
7068,2,0 days 09:30:00.162466858,53130,85300,68785,0
2281,1,0 days 09:30:00.162699506,0,0,68788,0
116,4,0 days 09:30:00.163254637,79654,8565,68822,0
6634,1,0 days 09:30:00.163277194,0,0,68823,0
2974,2,0 days 09:30:00.163775496,12103,210300,68828,0
7665,2,0 days 09:30:00.163799525,100,253600,68831,0
8741,1,0 days 09:30:00.164098077,0,0,68836,0
5956,1,0 days 09:30:00.164229124,0,0,68838,0
2914,1,0 days 09:30:00.164289981,0,0,68839,0
5850,3,0 days 09:30:00.164457421,24147,244700,68842,0
1816,1,0 days 09:30:00.164587628,0,0,68863,0
5468,1,0 days 09:30:00.164647669,0,0,68876,0
1277,1,0 days 09:30:00.164752520,0,0,68877,0
506,4,0 days 09:30:00.165061655,25113,113600,68881,0
1220,1,0 days 09:30:00.165134140,0,0,68882,0
3696,1,0 days 09:30:00.165249304,0,0,68885,0
218,1,0 days 09:30:00.165449134,0,0,68886,0
3497,1,0 days 09:30:00.165487889,0,0,68888,0
3791,2,0 days 09:30:00.165587060,3633,149000,68892,0
2577,1,0 days 09:30:00.165670658,0,0,68895,0
3227,1,0 days 09:30:00.165728848,0,0,68896,0
3260,1,0 days 09:30:00.165770077,0,0,68897,0
1197,2,0 days 09:30:00.165887698,9477,355000,68899,0
139,1,0 days 09:30:00.166040567,513,47000,68904,0
1860,1,0 days 09:30:00.166133657,100,18600,68925,0
1459,1,0 days 09:30:00.166157150,0,0,68926,0
7510,2,0 days 09:30:00.166248607,47,99700,68942,0
2731,1,0 days 09:30:00.166354898,30,47100,68945,0
3586,1,0 days 09:30:00.166485450,0,0,68948,0
6162,1,0 days 09:30:00.166512383,1658,340100,68949,0
3862,1,0 days 09:30:00.166622739,0,0,68952,0
4851,1,0 days 09:30:00.166697890,0,0,68953,0
1051,1,0 days 09:30:00.166795038,0,0,68954,0
4003,1,0 days 09:30:00.166830973,0,0,68955,0
4909,1,0 days 09:30:00.166855943,0,0,68956,0
4420,1,0 days 09:30:00.166928974,0,0,68957,0
6028,1,0 days 09:30:00.167102622,0,0,68958,0
2159,1,0 days 09:30:00.167162391,0,0,68959,0
274,1,0 days 09:30:00.167217019,0,0,68960,0
6683,1,0 days 09:30:00.167288896,0,0,68962,0
2011,1,0 days 09:30:00.167377448,0,0,68964,0
2754,2,0 days 09:30:00.167463262,350,270600,68996,0
513,1,0 days 09:30:00.167517804,252,376100,68999,0
5166,1,0 days 09:30:00.167669657,0,0,69002,0
3977,1,0 days 09:30:00.167867342,1849,1719600,69003,0
438,1,0 days 09:30:00.167952813,0,0,69006,0
2718,1,0 days 09:30:00.167957454,0,0,69007,0
807,1,0 days 09:30:00.168054209,0,0,69009,0
1625,1,0 days 09:30:00.168173840,0,0,69010,0
1877,1,0 days 09:30:00.168266976,0,0,69011,0
4717,1,0 days 09:30:00.168348273,88,115800,69040,0
666,1,0 days 09:30:00.168418743,0,0,69046,0
3449,1,0 days 09:30:00.168491609,0,0,69047,0
916,1,0 days 09:30:00.168502748,10624,255100,69048,0
6383,1,0 days 09:30:00.168539946,0,0,69050,0
6384,1,0 days 09:30:00.168637148,0,0,69052,0
3200,1,0 days 09:30:00.168742342,0,0,69053,0
3138,1,0 days 09:30:00.168803036,0,0,69054,0
3936,1,0 days 09:30:00.168887348,0,0,69055,0
3577,1,0 days 09:30:00.168958830,0,0,69056,0
1364,1,0 days 09:30:00.169064790,0,0,69087,0
3845,2,0 days 09:30:00.169117013,6489,413600,69089,0
2871,1,0 days 09:30:00.169169321,0,0,69090,0
900,1,0 days 09:30:00.169263440,0,0,69093,0
1196,1,0 days 09:30:00.169341301,162,233200,69094,0
1356,1,0 days 09:30:00.169425481,0,0,69097,0
7331,1,0 days 09:30:00.169662726,0,0,69128,0
7143,1,0 days 09:30:00.169766758,32273,82900,69129,0
7832,1,0 days 09:30:00.170263756,17124,82600,69162,0
5370,1,0 days 09:30:00.170530590,0,0,69171,0
177,1,0 days 09:30:00.170596217,2802,482300,69175,0
6732,2,0 days 09:30:00.170652710,376,200000,69199,0
6043,1,0 days 09:30:00.170876397,0,0,69212,0
3619,1,0 days 09:30:00.171025999,0,0,69213,0
4037,1,0 days 09:30:00.171168559,0,0,69237,0
2825,1,0 days 09:30:00.171211212,0,0,69238,0
3709,1,0 days 09:30:00.171344499,993,283200,69248,0
7352,1,0 days 09:30:00.171537059,0,0,69273,0
8485,1,0 days 09:30:00.171695476,0,0,69284,0
6802,2,0 days 09:30:00.171766454,276,12500,69287,0
223,2,0 days 09:30:00.171996002,152,663500,69319,0
1820,1,0 days 09:30:00.172148180,0,0,69324,0
7032,1,0 days 09:30:00.172251860,0,0,69346,0
1993,1,0 days 09:30:00.172325982,355,287300,69347,0
5068,1,0 days 09:30:00.172328663,0,0,69349,0
2711,2,0 days 09:30:00.172470299,2587,67000,69382,0
6529,1,0 days 09:30:00.172553907,0,0,69386,0
2786,1,0 days 09:30:00.172800139,0,0,69426,0
67,1,0 days 09:30:00.172935889,8,374700,69452,0
1428,1,0 days 09:30:00.173095800,1797,4837400,69481,0
8169,2,0 days 09:30:00.173259563,19960,80800,69512,0
4740,2,0 days 09:30:00.173436517,12,253600,69531,0
1943,1,0 days 09:30:00.173553830,0,0,69549,0
5371,1,0 days 09:30:00.173598365,0,0,69551,0
8838,1,0 days 09:30:00.173732369,2117,19100,69552,0
2713,1,0 days 09:30:00.173818868,0,0,69572,0
7371,1,0 days 09:30:00.173902166,0,0,69588,0
7523,1,0 days 09:30:00.173974703,0,0,69589,0
3199,1,0 days 09:30:00.174037574,0,0,69590,0
3834,1,0 days 09:30:00.174155384,0,0,69605,0
2192,3,0 days 09:30:00.174222541,10143,60000,69619,0
8063,1,0 days 09:30:00.174390310,0,0,69633,0
4069,1,0 days 09:30:00.174503234,0,0,69644,0
2363,1,0 days 09:30:00.174611249,0,0,69645,0
6786,1,0 days 09:30:00.174612551,99,168000,69646,0
2101,1,0 days 09:30:00.174714721,0,0,69669,0
8066,1,0 days 09:30:00.174772149,0,0,69680,0
3869,1,0 days 09:30:00.174937747,4133,440900,69687,0
8403,1,0 days 09:30:00.175050132,0,0,69715,0
8850,1,0 days 09:30:00.175107136,700,89000,69716,0
8461,1,0 days 09:30:00.175155095,0,0,69721,0
5236,1,0 days 09:30:00.175222462,0,0,69724,0
5447,1,0 days 09:30:00.175317707,0,0,69741,0
2332,1,0 days 09:30:00.175389899,0,0,69744,0
6662,1,0 days 09:30:00.175537731,4478,272900,69757,0
2762,1,0 days 09:30:00.175655048,276,216500,69787,0
861,1,0 days 09:30:00.175751128,0,0,69795,0
2768,1,0 days 09:30:00.175868469,0,0,69801,0
6827,1,0 days 09:30:00.176094629,12709,1146700,69823,0
7997,1,0 days 09:30:00.176113640,0,0,69829,0
4140,1,0 days 09:30:00.176372693,0,0,69857,0
3361,1,0 days 09:30:00.176503893,0,0,69860,0
4181,1,0 days 09:30:00.176587085,0,0,69868,0
741,1,0 days 09:30:00.176649761,0,0,69882,0
3187,1,0 days 09:30:00.176713513,0,0,69893,0
2709,1,0 days 09:30:00.176757389,0,0,69894,0
6903,1,0 days 09:30:00.176789718,0,0,69895,0
7916,1,0 days 09:30:00.176873061,0,0,69903,0
798,1,0 days 09:30:00.176919587,0,0,69915,0
2537,2,0 days 09:30:00.177013695,110,152600,69929,0
4098,1,0 days 09:30:00.177082484,0,0,69937,0
4251,1,0 days 09:30:00.177200255,0,0,69959,0
526,1,0 days 09:30:00.177344257,0,0,69995,0
5455,1,0 days 09:30:00.177483217,0,0,70034,0
1836,1,0 days 09:30:00.177591564,0,0,70083,0
18,2,0 days 09:30:00.177761508,3697,729000,70132,0
3335,1,0 days 09:30:00.177933681,27,187600,70165,0
1262,1,0 days 09:30:00.177935640,0,0,70166,0
6452,2,0 days 09:30:00.178114468,5217,21200,70200,0
5109,1,0 days 09:30:00.178224044,0,0,70233,0
7216,1,0 days 09:30:00.178304226,0,0,70234,0
43,1,0 days 09:30:00.178372029,0,0,70236,0
3083,2,0 days 09:30:00.178503134,2089,413800,70292,0
1366,4,0 days 09:30:00.178642543,5490,59000,70315,0
1342,1,0 days 09:30:00.178687929,89,565900,70316,0
3283,1,0 days 09:30:00.178740049,0,0,70351,0
4444,1,0 days 09:30:00.178809482,0,0,70353,0
2919,1,0 days 09:30:00.178884324,0,0,70373,0
986,1,0 days 09:30:00.178954787,0,0,70385,0
2932,1,0 days 09:30:00.179008382,0,0,70412,0
2747,2,0 days 09:30:00.179108119,1048,401200,70444,0
7899,1,0 days 09:30:00.179223579,0,0,70475,0
1453,1,0 days 09:30:00.179432707,0,0,70540,0
1228,1,0 days 09:30:00.179562338,0,0,70590,0
6543,1,0 days 09:30:00.179664093,0,0,70602,0
1437,2,0 days 09:30:00.179684007,20106,302000,70604,0
8492,2,0 days 09:30:00.179805284,11837,17400,70638,0
8313,1,0 days 09:30:00.179980499,0,0,70676,0
5716,1,0 days 09:30:00.180126898,0,0,70708,0
657,1,0 days 09:30:00.180181386,4197,50900,70725,0
41,1,0 days 09:30:00.180341720,0,0,70758,0
2839,1,0 days 09:30:00.180455339,0,0,70768,0
3798,1,0 days 09:30:00.180528319,0,0,70776,0
2368,1,0 days 09:30:00.180562228,0,0,70777,0
8683,1,0 days 09:30:00.180590863,0,0,70802,0
8273,1,0 days 09:30:00.180730728,0,0,70839,0
2581,1,0 days 09:30:00.180859030,0,0,70886,0
3712,1,0 days 09:30:00.180931496,0,0,70917,0
7939,1,0 days 09:30:00.180949336,0,0,70948,0
4865,3,0 days 09:30:00.181072590,1928,3500,70957,0
2344,1,0 days 09:30:00.181256280,0,0,71020,0
3094,2,0 days 09:30:00.181317329,46,629400,71037,0
6496,1,0 days 09:30:00.181430157,0,0,71061,0
3085,1,0 days 09:30:00.181614514,0,0,71115,0
7777,1,0 days 09:30:00.181637136,0,0,71127,0
3973,2,0 days 09:30:00.181826215,1938,338600,71209,0
1340,3,0 days 09:30:00.181949672,334,265600,71244,0
4065,1,0 days 09:30:00.182086815,30047,535800,71277,0
3879,1,0 days 09:30:00.182351580,0,0,71322,0
7026,1,0 days 09:30:00.182424779,1899,387100,71341,0
3103,1,0 days 09:30:00.182462598,0,0,71343,0
6852,1,0 days 09:30:00.182562480,0,0,71369,0
939,1,0 days 09:30:00.182644004,0,0,71374,0
3792,1,0 days 09:30:00.182730752,391,57400,71382,0
2926,3,0 days 09:30:00.182815749,200,253200,71410,0
207,1,0 days 09:30:00.182930902,112,105700,71432,0
4557,1,0 days 09:30:00.183011327,0,0,71454,0
4541,1,0 days 09:30:00.183099850,0,0,71485,0
6751,1,0 days 09:30:00.183229360,0,0,71516,0
8568,2,0 days 09:30:00.183417290,5024,364100,71564,0
7766,1,0 days 09:30:00.183568319,0,0,71588,0
4015,1,0 days 09:30:00.183686530,0,0,71619,0
7126,1,0 days 09:30:00.183818142,0,0,71662,0
3865,1,0 days 09:30:00.183895533,0,0,71680,0
1761,1,0 days 09:30:00.183980064,29,109400,71712,0
824,1,0 days 09:30:00.184082262,0,0,71742,0
6456,1,0 days 09:30:00.184279625,28517,268300,71761,0
5645,1,0 days 09:30:00.184306664,0,0,71762,0
998,1,0 days 09:30:00.184877339,0,0,71797,0
4834,1,0 days 09:30:00.185185846,0,0,71829,0
2418,1,0 days 09:30:00.185357341,0,0,71852,0
256,1,0 days 09:30:00.185375330,0,0,71853,0
5033,1,0 days 09:30:00.185481037,0,0,71863,0
1402,1,0 days 09:30:00.185605192,0,0,71886,0
240,1,0 days 09:30:00.185727908,1541,181000,71911,0
6056,1,0 days 09:30:00.185817339,19,203400,71944,0
5812,1,0 days 09:30:00.185916879,0,0,71975,0
6300,1,0 days 09:30:00.186013418,550,493900,71993,0
1417,1,0 days 09:30:00.186059869,0,0,72009,0
6685,1,0 days 09:30:00.186099806,0,0,72019,0
2331,1,0 days 09:30:00.186215003,584,587700,72030,0
7200,2,0 days 09:30:00.186337409,1285,4600,72055,0
1295,1,0 days 09:30:00.186432861,0,0,72078,0
6872,1,0 days 09:30:00.186520789,7,463100,72091,0
2294,1,0 days 09:30:00.186600494,0,0,72102,0
4448,1,0 days 09:30:00.186663674,0,0,72116,0
1085,1,0 days 09:30:00.186727543,0,0,72128,0
5836,1,0 days 09:30:00.186826312,0,0,72147,0
6939,1,0 days 09:30:00.186888270,1503,1752000,72159,0
6524,1,0 days 09:30:00.186931058,0,0,72162,0
7673,2,0 days 09:30:00.187080800,2245,69100,72186,0
8873,1,0 days 09:30:00.187201475,614,716300,72199,0
7038,1,0 days 09:30:00.187580129,0,0,72255,0
2103,1,0 days 09:30:00.188019915,0,0,72354,0
8259,1,0 days 09:30:00.188208163,0,0,72407,0
3298,1,0 days 09:30:00.188483351,0,0,72510,0
8339,1,0 days 09:30:00.188643146,0,0,72582,0
5203,1,0 days 09:30:00.188752522,0,0,72612,0
8517,1,0 days 09:30:00.189011876,0,0,72662,0
5723,2,0 days 09:30:00.189172256,281,6100,72682,0
3767,1,0 days 09:30:00.189211983,0,0,72714,0
5039,2,0 days 09:30:00.189546647,2663,6030900,72778,0
6592,1,0 days 09:30:00.189617447,0,0,72809,0
14,1,0 days 09:30:00.189753338,0,0,72813,0
6315,1,0 days 09:30:00.189913153,0,0,72844,0
8593,1,0 days 09:30:00.190048679,0,0,72868,0
3909,1,0 days 09:30:00.190171098,0,0,72876,0
1702,1,0 days 09:30:00.190188704,0,0,72877,0
5581,2,0 days 09:30:00.190420608,8090,93900,72969,0
758,1,0 days 09:30:00.190485293,0,0,73002,0
4955,2,0 days 09:30:00.190583578,267,17800,73034,0
3331,1,0 days 09:30:00.190692843,0,0,73066,0
1540,1,0 days 09:30:00.190753526,0,0,73068,0
6799,1,0 days 09:30:00.190757985,0,0,73075,0
7848,1,0 days 09:30:00.190860201,0,0,73104,0
3800,1,0 days 09:30:00.191136956,0,0,73217,0
5700,1,0 days 09:30:00.191493593,0,0,73406,0
5914,1,0 days 09:30:00.191646933,969,1010800,73448,0
2025,2,0 days 09:30:00.191929871,5,361400,73543,0
8575,1,0 days 09:30:00.192035468,0,0,73565,0
1155,1,0 days 09:30:00.192204060,0,0,73628,0
8703,1,0 days 09:30:00.192351639,0,0,73719,0
2559,1,0 days 09:30:00.192459530,0,0,73783,0
75,3,0 days 09:30:00.192675353,30476,26600,73897,0
230,1,0 days 09:30:00.192740786,24,63200,73929,0
2069,1,0 days 09:30:00.192877014,0,0,73933,0
5086,1,0 days 09:30:00.193082705,963,490600,73964,0
1689,1,0 days 09:30:00.193172378,0,0,73997,0
7624,2,0 days 09:30:00.193207810,87,7657,74000,0
4271,1,0 days 09:30:00.193286708,0,0,74017,0
306,1,0 days 09:30:00.193447577,0,0,74050,0
7696,1,0 days 09:30:00.193554869,0,0,74068,0
7413,1,0 days 09:30:00.193617207,0,0,74083,0
7724,1,0 days 09:30:00.193688865,0,0,74101,0
5407,1,0 days 09:30:00.193763883,0,0,74110,0
2808,1,0 days 09:30:00.193871814,0,0,74155,0
5681,1,0 days 09:30:00.193972134,17178,179300,74157,0
291,1,0 days 09:30:00.194009256,766,1774400,74164,0
7917,1,0 days 09:30:00.194210022,4285,184400,74193,0
6963,1,0 days 09:30:00.194436982,940,379400,74226,0
2029,1,0 days 09:30:00.194596875,0,0,74260,0
1588,1,0 days 09:30:00.194647716,261,78100,74261,0
8320,1,0 days 09:30:00.194673797,0,0,74262,0
1904,1,0 days 09:30:00.194782060,0,0,74295,0
5809,1,0 days 09:30:00.195027437,0,0,74326,0
7718,1,0 days 09:30:00.195159303,0,0,74384,0
5436,1,0 days 09:30:00.195187312,0,0,74385,0
7265,1,0 days 09:30:00.195274322,0,0,74416,0
6123,1,0 days 09:30:00.195354989,0,0,74447,0
6636,1,0 days 09:30:00.195548441,5859,212600,74484,0
6866,1,0 days 09:30:00.195702169,0,0,74519,0
6742,1,0 days 09:30:00.195789287,50,251600,74520,0
2108,1,0 days 09:30:00.195937077,6367,81500,74545,0
7272,1,0 days 09:30:00.195954082,7388,1425000,74546,0
4368,1,0 days 09:30:00.196053816,0,0,74580,0
6343,1,0 days 09:30:00.196348001,0,0,74591,0
7929,1,0 days 09:30:00.196512644,0,0,74615,0
417,1,0 days 09:30:00.196574490,0,0,74624,0
2198,1,0 days 09:30:00.196682719,0,0,74647,0
4690,1,0 days 09:30:00.196775949,0,0,74671,0
1020,1,0 days 09:30:00.196876825,2,249400,74702,0
6136,3,0 days 09:30:00.196982666,151,8200,74737,0
46,1,0 days 09:30:00.197041468,0,0,74770,0
3987,2,0 days 09:30:00.197138816,3206,553300,74795,0
6204,1,0 days 09:30:00.197288591,0,0,74829,0
5939,2,0 days 09:30:00.197600579,7080,46500,74873,0
7676,1,0 days 09:30:00.197716002,0,0,74892,0
2096,1,0 days 09:30:00.197828721,0,0,74907,0
4991,2,0 days 09:30:00.197894237,6966,1055200,74925,0
5900,1,0 days 09:30:00.198026864,2029,4373600,74958,0
7955,1,0 days 09:30:00.198286061,1112,315600,74976,0
6168,1,0 days 09:30:00.198510422,0,0,74995,0
7712,1,0 days 09:30:00.198559295,0,0,74996,0
8300,1,0 days 09:30:00.198668632,0,0,75016,0
2024,1,0 days 09:30:00.198877320,8651,331700,75057,0
1324,1,0 days 09:30:00.198992966,0,0,75084,0
7962,1,0 days 09:30:00.199098298,0,0,75085,0
1374,2,0 days 09:30:00.199351062,40,19500,75118,0
631,1,0 days 09:30:00.199444886,0,0,75134,0
6015,1,0 days 09:30:00.199501490,0,0,75152,0
4985,1,0 days 09:30:00.199670383,0,0,75183,0
7772,1,0 days 09:30:00.199740637,0,0,75197,0
2646,1,0 days 09:30:00.199838287,0,0,75215,0
2434,1,0 days 09:30:00.199884692,0,0,75234,0
3488,1,0 days 09:30:00.199934910,182,114200,75247,0
2070,1,0 days 09:30:00.200006846,0,0,75264,0
4938,1,0 days 09:30:00.200109830,0,0,75281,0
1849,1,0 days 09:30:00.200231757,1242,164200,75312,0
216,1,0 days 09:30:00.200251437,0,0,75313,0
7653,3,0 days 09:30:00.200379683,450,800,75334,0
2669,1,0 days 09:30:00.200506360,0,0,75366,0
5740,1,0 days 09:30:00.200570605,0,0,75372,0
6103,1,0 days 09:30:00.200876381,0,0,75481,0
1098,1,0 days 09:30:00.200928612,0,0,75501,0
8619,2,0 days 09:30:00.201215309,181,596000,75625,0
95,1,0 days 09:30:00.201222067,0,0,75626,0
4179,1,0 days 09:30:00.201385413,0,0,75679,0
2613,1,0 days 09:30:00.201521297,0,0,75722,0
6360,3,0 days 09:30:00.201645286,2475,85800,75755,0
2722,1,0 days 09:30:00.201661323,0,0,75786,0
7025,1,0 days 09:30:00.201811791,0,0,75819,0
162,1,0 days 09:30:00.201898768,0,0,75850,0
4517,1,0 days 09:30:00.201987104,3,468200,75890,0
4045,1,0 days 09:30:00.202113626,129,213500,75927,0
5551,1,0 days 09:30:00.202267408,0,0,75990,0
4992,2,0 days 09:30:00.202314949,2732,38000,75992,0
2154,1,0 days 09:30:00.202416818,0,0,76027,0
1164,1,0 days 09:30:00.202543907,1122,139800,76089,0
8413,1,0 days 09:30:00.202612423,0,0,76109,0
2619,1,0 days 09:30:00.202646206,0,0,76135,0
2016,1,0 days 09:30:00.202715118,0,0,76155,0
3406,1,0 days 09:30:00.202821220,0,0,76206,0
8482,1,0 days 09:30:00.202999095,0,0,76287,0
5893,1,0 days 09:30:00.203093061,0,0,76313,0
2879,2,0 days 09:30:00.203129499,19379,1166100,76335,0
8684,1,0 days 09:30:00.203157182,0,0,76366,0
1536,1,0 days 09:30:00.203434886,0,0,76371,0
4664,1,0 days 09:30:00.203552714,0,0,76402,0
8901,1,0 days 09:30:00.203648997,0,0,76403,0
2947,1,0 days 09:30:00.203675203,0,0,76404,0
6218,1,0 days 09:30:00.203786311,54,251400,76435,0
1307,1,0 days 09:30:00.203982184,0,0,76477,0
1586,1,0 days 09:30:00.204149963,1986,467600,76522,0
736,2,0 days 09:30:00.204275419,2401,369400,76556,0
5389,1,0 days 09:30:00.204317200,0,0,76558,0
3373,1,0 days 09:30:00.204469327,0,0,76590,0
7591,1,0 days 09:30:00.204676176,0,0,76606,0
6419,1,0 days 09:30:00.204751853,0,0,76622,0
8714,1,0 days 09:30:00.204755077,0,0,76623,0
2049,1,0 days 09:30:00.204845577,400,41600,76637,0
7925,1,0 days 09:30:00.205028746,1724,605700,76700,0
5890,1,0 days 09:30:00.205148655,0,0,76728,0
5785,1,0 days 09:30:00.205314064,0,0,76759,0
182,1,0 days 09:30:00.205521217,0,0,76820,0
4292,1,0 days 09:30:00.205670158,13441,631300,76882,0
2632,1,0 days 09:30:00.205892058,0,0,76886,0
5197,4,0 days 09:30:00.206034393,17966,14100,76982,0
5544,1,0 days 09:30:00.206175580,0,0,76990,0
4090,2,0 days 09:30:00.206296542,869,281700,77023,0
7560,1,0 days 09:30:00.206446663,0,0,77056,0
4277,2,0 days 09:30:00.206589800,165,1559800,77092,0
1378,1,0 days 09:30:00.206601619,572,1361300,77093,0
5859,1,0 days 09:30:00.206707309,0,0,77123,0
3688,1,0 days 09:30:00.206773540,0,0,77129,0
6342,1,0 days 09:30:00.206944856,0,0,77162,0
7704,1,0 days 09:30:00.206979759,0,0,77186,0
7794,1,0 days 09:30:00.207098984,0,0,77215,0
105,5,0 days 09:30:00.207218596,1566,446100,77220,0
1842,2,0 days 09:30:00.207277965,1015,32700,77222,0
2580,1,0 days 09:30:00.207322824,0,0,77227,0
4128,1,0 days 09:30:00.207508972,0,0,77228,0
4172,1,0 days 09:30:00.207562699,227,68100,77229,0
1178,1,0 days 09:30:00.207629807,0,0,77232,0
1710,1,0 days 09:30:00.207740626,0,0,77233,0
201,2,0 days 09:30:00.207992553,1549,47200,77235,0
4157,1,0 days 09:30:00.208099837,2729,683600,77238,0
3567,1,0 days 09:30:00.208157017,0,0,77240,0
7476,1,0 days 09:30:00.208245862,0,0,77242,0
1697,1,0 days 09:30:00.208360424,0,0,77243,0
1657,1,0 days 09:30:00.208431494,0,0,77244,0
1195,2,0 days 09:30:00.208635142,3833,166100,77250,0
375,1,0 days 09:30:00.208860909,1,81650,77258,0
4236,1,0 days 09:30:00.209028620,4495,251900,77261,0
2535,1,0 days 09:30:00.209079348,0,0,77262,0
7979,1,0 days 09:30:00.209232003,0,0,77267,0
5653,1,0 days 09:30:00.209339851,1787,241400,77268,0
7298,1,0 days 09:30:00.209487704,1534,521800,77271,0
6013,1,0 days 09:30:00.209528445,13,151800,77274,0
1097,1,0 days 09:30:00.209575340,0,0,77277,0
6242,1,0 days 09:30:00.209678587,0,0,77278,0
4167,1,0 days 09:30:00.209760248,1,11700,77279,0
2297,1,0 days 09:30:00.209852009,0,0,77282,0
5005,1,0 days 09:30:00.209922502,0,0,77283,0
1850,1,0 days 09:30:00.210025585,0,0,77284,0
1764,2,0 days 09:30:00.210243258,3729,2690500,77286,0
4870,1,0 days 09:30:00.210299778,28957,373500,77291,0
1727,1,0 days 09:30:00.210617690,0,0,77295,0
832,1,0 days 09:30:00.210660740,0,0,77297,0
3578,3,0 days 09:30:00.210851979,2203,5100,77300,0
7495,1,0 days 09:30:00.210955725,0,0,77303,0
4693,1,0 days 09:30:00.210987520,0,0,77304,0
7711,4,0 days 09:30:00.211142984,10274,23500,77308,0
481,1,0 days 09:30:00.211227687,0,0,77311,0
3035,2,0 days 09:30:00.211291244,3388,260100,77313,0
5210,1,0 days 09:30:00.211425078,0,0,77316,0
6238,2,0 days 09:30:00.211565252,102,40500,77318,0
5969,1,0 days 09:30:00.211593334,0,0,77319,0
768,1,0 days 09:30:00.211881451,303,229400,77322,0
4116,1,0 days 09:30:00.212083756,15937,50900,77343,0
2058,1,0 days 09:30:00.212104496,0,0,77344,0
5960,1,0 days 09:30:00.212294774,600,187700,77358,0
6531,1,0 days 09:30:00.212390779,0,0,77360,0
5688,1,0 days 09:30:00.212467804,0,0,77367,0
762,1,0 days 09:30:00.212549628,0,0,77368,0
6115,1,0 days 09:30:00.212667001,853,599900,77369,0
4687,1,0 days 09:30:00.212723261,0,0,77372,0
4030,1,0 days 09:30:00.212768740,0,0,77373,0
1112,1,0 days 09:30:00.213035877,0,0,77375,0
7199,1,0 days 09:30:00.213045643,9129,376100,77376,0
3212,1,0 days 09:30:00.213279916,0,0,77379,0
3979,1,0 days 09:30:00.213368571,0,0,77380,0
7828,3,0 days 09:30:00.213497615,16288,35400,77383,0
8846,1,0 days 09:30:00.213615142,0,0,77386,0
221,1,0 days 09:30:00.213616398,0,0,77387,0
3965,1,0 days 09:30:00.213735137,604,77900,77388,0
1950,1,0 days 09:30:00.213823541,0,0,77391,0
2596,1,0 days 09:30:00.213861296,0,0,77392,0
7127,1,0 days 09:30:00.213889499,0,0,77393,0
3309,6,0 days 09:30:00.214062608,8339,164200,77399,0
3830,1,0 days 09:30:00.214155707,0,0,77401,0
4100,1,0 days 09:30:00.214224079,0,0,77403,0
2930,1,0 days 09:30:00.214398391,3199,521600,77404,0
251,1,0 days 09:30:00.214522430,0,0,77407,0
4191,3,0 days 09:30:00.214703037,5770,143300,77410,0
6696,1,0 days 09:30:00.214814570,0,0,77413,0
5367,1,0 days 09:30:00.214891611,0,0,77414,0
198,6,0 days 09:30:00.214974759,36954,23400,77420,0
943,1,0 days 09:30:00.215011909,0,0,77421,0
7790,1,0 days 09:30:00.215207962,0,0,77433,0
3585,1,0 days 09:30:00.215320387,0,0,77434,0
4468,1,0 days 09:30:00.215375362,0,0,77435,0
3124,1,0 days 09:30:00.215454246,304,730900,77436,0
1680,1,0 days 09:30:00.215541970,0,0,77439,0
8351,1,0 days 09:30:00.215730578,13187,607800,77456,0
6376,1,0 days 09:30:00.215779253,12110,171200,77458,0
4446,1,0 days 09:30:00.215962204,0,0,77462,0
4856,1,0 days 09:30:00.216152823,751,24400,77474,0
8540,1,0 days 09:30:00.216218273,0,0,77483,0
8795,1,0 days 09:30:00.216295308,0,0,77484,0
3075,1,0 days 09:30:00.216412131,0,0,77485,0
751,1,0 days 09:30:00.216504868,0,0,77486,0
4837,1,0 days 09:30:00.216590319,0,0,77487,0
3931,1,0 days 09:30:00.216685419,0,0,77488,0
5226,1,0 days 09:30:00.216751529,212,182200,77489,0
8870,1,0 days 09:30:00.216913194,5911,518100,77492,0
8835,1,0 days 09:30:00.217025775,0,0,77496,0
8549,1,0 days 09:30:00.217129670,0,0,77497,0
6991,2,0 days 09:30:00.217223405,12852,12500,77499,0
5958,2,0 days 09:30:00.217396620,2716,240200,77503,0
4141,1,0 days 09:30:00.217505880,0,0,77507,0
927,2,0 days 09:30:00.217521966,2000,4900,77509,0
6190,1,0 days 09:30:00.217606279,34,111600,77511,0
4765,1,0 days 09:30:00.217681054,0,0,77514,0
4800,5,0 days 09:30:00.217782460,153,79200,77519,0
8420,1,0 days 09:30:00.217867238,0,0,77522,0
5702,1,0 days 09:30:00.217872275,0,0,77523,0
6917,1,0 days 09:30:00.217941872,0,0,77524,0
7656,1,0 days 09:30:00.218006453,0,0,77526,0
8605,1,0 days 09:30:00.218142641,2191,862300,77527,0
2654,1,0 days 09:30:00.218219729,0,0,77530,0
1899,1,0 days 09:30:00.218271189,0,0,77531,0
6046,1,0 days 09:30:00.218393678,0,0,77532,0
3055,1,0 days 09:30:00.218453883,0,0,77534,0
6020,1,0 days 09:30:00.218539284,0,0,77535,0
783,1,0 days 09:30:00.218569021,107,91300,77536,0
7751,3,0 days 09:30:00.218703392,4245,16400,77557,0
5668,1,0 days 09:30:00.218778797,0,0,77560,0
2164,1,0 days 09:30:00.218812066,0,0,77561,0
2346,1,0 days 09:30:00.218869793,0,0,77562,0
135,1,0 days 09:30:00.218962366,0,0,77563,0
6670,1,0 days 09:30:00.219040567,0,0,77564,0
868,1,0 days 09:30:00.219128707,0,0,77565,0
4373,1,0 days 09:30:00.219346076,1663,940200,77574,0
5298,1,0 days 09:30:00.219487984,304,1450800,77585,0
6403,1,0 days 09:30:00.219519240,0,0,77586,0
3755,1,0 days 09:30:00.219752595,0,0,77590,0
7270,1,0 days 09:30:00.219877297,0,0,77591,0
2238,2,0 days 09:30:00.219929764,1160,11500,77593,0
1962,1,0 days 09:30:00.220029704,0,0,77596,0
7450,1,0 days 09:30:00.220094055,0,0,77597,0
677,1,0 days 09:30:00.220191628,0,0,77600,0
1430,1,0 days 09:30:00.220286761,1198,258400,77601,0
2320,1,0 days 09:30:00.220401577,0,0,77605,0
6610,1,0 days 09:30:00.220564862,237,467000,77607,0
4399,1,0 days 09:30:00.220768736,0,0,77612,0
4044,1,0 days 09:30:00.220897682,0,0,77613,0
667,1,0 days 09:30:00.220956106,0,0,77614,0
1856,1,0 days 09:30:00.221004547,0,0,77615,0
190,1,0 days 09:30:00.221093260,0,0,77616,0
8357,2,0 days 09:30:00.221691283,24889,417800,77644,0
2920,1,0 days 09:30:00.222038887,0,0,77657,0
5798,1,0 days 09:30:00.222369778,0,0,77658,0
26,1,0 days 09:30:00.222466951,0,0,77659,0
6940,1,0 days 09:30:00.222551847,343,926600,77660,0
5309,2,0 days 09:30:00.222677682,3329,140400,77664,0
2764,2,0 days 09:30:00.222696242,482071,14400,77667,0
5470,1,0 days 09:30:00.222753829,0,0,77670,0
8898,1,0 days 09:30:00.223349217,0,0,77696,0
7010,1,0 days 09:30:00.223557956,0,0,77698,0
5660,1,0 days 09:30:00.223679735,0,0,77699,0
8233,1,0 days 09:30:00.223756816,0,0,77706,0
3292,1,0 days 09:30:00.223860199,758,20500,77709,0
4669,1,0 days 09:30:00.223945567,0,0,77713,0
947,1,0 days 09:30:00.224035986,699,459400,77714,0
6437,1,0 days 09:30:00.224156117,0,0,77718,0
7482,1,0 days 09:30:00.224228116,0,0,77720,0
4452,1,0 days 09:30:00.224257148,0,0,77722,0
611,1,0 days 09:30:00.224389627,137,25300,77724,0
8386,2,0 days 09:30:00.224842051,14115,82900,77734,0
5620,1,0 days 09:30:00.224977082,0,0,77738,0
1135,1,0 days 09:30:00.225033941,0,0,77739,0
1948,1,0 days 09:30:00.225117467,0,0,77741,0
6926,1,0 days 09:30:00.225167811,0,0,77742,0
7255,1,0 days 09:30:00.225253642,0,0,77743,0
531,1,0 days 09:30:00.225366147,0,0,77764,0
4073,1,0 days 09:30:00.225441981,0,0,77774,0
2953,1,0 days 09:30:00.225530664,0,0,77775,0
5641,1,0 days 09:30:00.225588138,4080,711700,77776,0
8135,2,0 days 09:30:00.225984500,2175,123400,77786,0
4960,1,0 days 09:30:00.226391736,0,0,77789,0
1045,1,0 days 09:30:00.226612040,0,0,77790,0
6894,1,0 days 09:30:00.226760185,0,0,77817,0
8349,1,0 days 09:30:00.226946871,0,0,77826,0
3459,2,0 days 09:30:00.227033955,14348,13568100,77828,0
4917,1,0 days 09:30:00.227107135,0,0,77830,0
8331,2,0 days 09:30:00.228336722,1,324000,77868,0
7515,1,0 days 09:30:00.228447926,1893,68300,77870,0
3876,1,0 days 09:30:00.229123202,0,0,77874,0
6627,2,0 days 09:30:00.229176657,314,288000,77877,0
8579,1,0 days 09:30:00.229551742,0,0,77911,0
592,1,0 days 09:30:00.229597660,1194,320100,77912,0
7974,2,0 days 09:30:00.229916859,1751,363000,77917,0
5462,1,0 days 09:30:00.229999555,1538,654500,77920,0
7498,1,0 days 09:30:00.230313090,0,0,77925,0
4325,1,0 days 09:30:00.230604157,0,0,77956,0
1808,1,0 days 09:30:00.230886878,0,0,77957,0
7060,1,0 days 09:30:00.231120577,0,0,77966,0
5055,1,0 days 09:30:00.231290445,0,0,77989,0
3426,1,0 days 09:30:00.231509604,0,0,78010,0
2365,1,0 days 09:30:00.231769168,0,0,78064,0
186,1,0 days 09:30:00.232041507,45309,179400,78129,0
729,1,0 days 09:30:00.232081049,0,0,78130,0
517,1,0 days 09:30:00.232470731,0,0,78164,0
788,1,0 days 09:30:00.232752992,0,0,78195,0
2040,1,0 days 09:30:00.232938992,0,0,78226,0
3652,1,0 days 09:30:00.233057881,284,317300,78271,0
4615,1,0 days 09:30:00.233330088,0,0,78397,0
8728,1,0 days 09:30:00.233355037,21499,14400,78415,0
2557,1,0 days 09:30:00.233527824,0,0,78471,0
6282,1,0 days 09:30:00.233602063,0,0,78496,0
8659,1,0 days 09:30:00.233702882,199,860800,78538,0
6266,1,0 days 09:30:00.233790258,0,0,78560,0
2916,1,0 days 09:30:00.233819599,0,0,78561,0
32,1,0 days 09:30:00.233843310,0,0,78573,0
6395,1,0 days 09:30:00.233893902,0,0,78593,0
1116,1,0 days 09:30:00.233948629,0,0,78630,0
6154,1,0 days 09:30:00.234046316,0,0,78689,0
796,1,0 days 09:30:00.234127862,14452,66400,78746,0
5254,2,0 days 09:30:00.234268330,735,197500,78780,0
3612,1,0 days 09:30:00.234403157,789,200400,78813,0
7538,1,0 days 09:30:00.234572096,0,0,78876,0
7005,1,0 days 09:30:00.234719625,0,0,78930,0
7221,1,0 days 09:30:00.234733284,0,0,78940,0
1985,2,0 days 09:30:00.234838824,100,271400,78993,0
7122,1,0 days 09:30:00.234936511,101,428400,79045,0
444,1,0 days 09:30:00.235001103,0,0,79078,0
5929,1,0 days 09:30:00.235231014,0,0,79234,0
845,1,0 days 09:30:00.235324276,0,0,79298,0
5018,1,0 days 09:30:00.235450058,0,0,79341,0
279,1,0 days 09:30:00.235594437,794,357100,79411,0
4120,2,0 days 09:30:00.235694450,254,17300,79445,0
7895,1,0 days 09:30:00.235953722,0,0,79587,0
327,2,0 days 09:30:00.235987387,15516,1089500,79605,0
8389,1,0 days 09:30:00.236218251,0,0,79624,0
732,1,0 days 09:30:00.236289056,176,30800,79625,0
6365,1,0 days 09:30:00.236409937,0,0,79628,0
3487,1,0 days 09:30:00.236480668,0,0,79629,0
2298,2,0 days 09:30:00.236759995,1659,44100,79679,0
3003,1,0 days 09:30:00.237075135,0,0,79806,0
3092,1,0 days 09:30:00.237365911,0,0,79974,0
8476,1,0 days 09:30:00.237674468,0,0,80173,0
7462,1,0 days 09:30:00.239252320,37054,221200,80813,0
6489,1,0 days 09:30:00.240027488,0,0,80967,0
3614,2,0 days 09:30:00.240124916,6636,256700,81029,0
2858,1,0 days 09:30:00.240466508,0,0,81117,0
7949,1,0 days 09:30:00.240715295,0,0,81286,0
640,1,0 days 09:30:00.240984864,0,0,81447,0
2351,1,0 days 09:30:00.241315346,468,481900,81598,0
8170,1,0 days 09:30:00.241620620,0,0,81780,0
3716,1,0 days 09:30:00.241659676,0,0,81784,0
701,1,0 days 09:30:00.241865279,0,0,81943,0
1044,1,0 days 09:30:00.242103978,0,0,82080,0
7195,1,0 days 09:30:00.242371601,0,0,82257,0
3429,1,0 days 09:30:00.242446470,0,0,82300,0
1920,1,0 days 09:30:00.242584682,0,0,82378,0
3746,1,0 days 09:30:00.242780641,0,0,82470,0
4139,3,0 days 09:30:00.242813777,316,257700,82473,0
2544,1,0 days 09:30:00.243042480,0,0,82554,0
4127,1,0 days 09:30:00.243068709,0,0,82555,0
1991,1,0 days 09:30:00.243162684,2370,174800,82635,0
2936,1,0 days 09:30:00.243217998,0,0,82661,0
5473,1,0 days 09:30:00.243283568,0,0,82662,0
6120,1,0 days 09:30:00.243359172,0,0,82693,0
7367,1,0 days 09:30:00.243542665,299,427900,82766,0
6048,1,0 days 09:30:00.243634199,1407,432400,82799,0
7225,2,0 days 09:30:00.243648019,250,521600,82801,0
1199,1,0 days 09:30:00.243762281,0,0,82836,0
231,4,0 days 09:30:00.243881630,2349,6420,82872,0
6193,1,0 days 09:30:00.243967825,0,0,82905,0
8551,1,0 days 09:30:00.244002827,0,0,82920,0
2515,1,0 days 09:30:00.244031515,0,0,82925,0
2323,1,0 days 09:30:00.244077488,0,0,82940,0
999,1,0 days 09:30:00.244138386,0,0,82971,0
2200,1,0 days 09:30:00.244248757,0,0,83033,0
5873,1,0 days 09:30:00.244353581,3753,12900,83094,0
2264,1,0 days 09:30:00.244396572,3393,269500,83096,0
7875,3,0 days 09:30:00.244527192,84,12800,83132,0
66,1,0 days 09:30:00.244669993,0,0,83172,0
4429,1,0 days 09:30:00.244728499,0,0,83191,0
6737,1,0 days 09:30:00.244728941,0,0,83192,0
3904,1,0 days 09:30:00.244868227,4092,362400,83228,0
3669,1,0 days 09:30:00.244963702,0,0,83261,0
3505,1,0 days 09:30:00.245025321,0,0,83262,0
1247,1,0 days 09:30:00.245050805,0,0,83273,0
3598,1,0 days 09:30:00.245073748,0,0,83274,0
6134,1,0 days 09:30:00.245183994,2272,123000,83326,0
7642,1,0 days 09:30:00.245305294,0,0,83343,0
443,1,0 days 09:30:00.245355695,0,0,83374,0
1381,2,0 days 09:30:00.245562347,10749,17500,83476,0
8699,2,0 days 09:30:00.245660115,105,70000,83498,0
7612,1,0 days 09:30:00.245739691,0,0,83531,0
3739,1,0 days 09:30:00.245944850,0,0,83622,0
1239,1,0 days 09:30:00.245970722,2644,1552200,83653,0
6225,1,0 days 09:30:00.246195015,1983,690800,83687,0
7897,1,0 days 09:30:00.246227225,0,0,83690,0
7404,2,0 days 09:30:00.246267874,575,260900,83692,0
3184,1,0 days 09:30:00.246681697,567,694200,83866,0
6943,1,0 days 09:30:00.246987480,0,0,84037,0
8697,5,0 days 09:30:00.247386906,42411,104600,84266,0
8336,1,0 days 09:30:00.247423914,0,0,84267,0
1208,1,0 days 09:30:00.247603095,0,0,84302,0
357,1,0 days 09:30:00.247751086,0,0,84333,0
7164,1,0 days 09:30:00.247774406,3113,36400,84358,0
7791,1,0 days 09:30:00.247974624,0,0,84400,0
4437,1,0 days 09:30:00.247997371,0,0,84424,0
4577,1,0 days 09:30:00.248073202,0,0,84432,0
7492,1,0 days 09:30:00.248138173,0,0,84465,0
2706,1,0 days 09:30:00.248201707,0,0,84503,0
753,1,0 days 09:30:00.248240486,0,0,84504,0
7484,1,0 days 09:30:00.248320126,0,0,84565,0
4300,1,0 days 09:30:00.248417821,0,0,84608,0
4051,1,0 days 09:30:00.248655638,0,0,84762,0
1637,2,0 days 09:30:00.249266709,13528,2942000,84931,0
2202,1,0 days 09:30:00.249315641,0,0,84940,0
5324,1,0 days 09:30:00.250246205,791,476900,84968,0
6730,1,0 days 09:30:00.250294862,0,0,84970,0
3167,1,0 days 09:30:00.250502810,0,0,84972,0
8665,3,0 days 09:30:00.250660794,4602,65200,84976,0
4077,1,0 days 09:30:00.250749986,0,0,84979,0
990,1,0 days 09:30:00.250754233,0,0,84980,0
3900,2,0 days 09:30:00.250839644,3,523700,85003,0
5523,1,0 days 09:30:00.250905304,6,23500,85015,0
2233,1,0 days 09:30:00.250984612,0,0,85018,0
3049,1,0 days 09:30:00.251012472,0,0,85019,0
6972,1,0 days 09:30:00.251035230,0,0,85020,0
7545,1,0 days 09:30:00.251203341,0,0,85021,0
946,2,0 days 09:30:00.251395772,447,28100,85034,0
8658,1,0 days 09:30:00.251622981,0,0,85069,0
5360,1,0 days 09:30:00.251838125,0,0,85182,0
7333,1,0 days 09:30:00.251944247,0,0,85229,0
409,1,0 days 09:30:00.252004003,0,0,85260,0
4634,1,0 days 09:30:00.252219824,0,0,85377,0
5201,2,0 days 09:30:00.252272243,1108,200000,85396,0
78,1,0 days 09:30:00.252370154,0,0,85431,0
8306,1,0 days 09:30:00.252459325,0,0,85462,0
3699,1,0 days 09:30:00.252500327,0,0,85493,0
151,1,0 days 09:30:00.252552136,1000,252700,85524,0
7416,1,0 days 09:30:00.252746608,250,119300,85568,0
1368,2,0 days 09:30:00.252807097,1213,135700,85602,0
6341,1,0 days 09:30:00.252845284,0,0,85609,0
7940,1,0 days 09:30:00.252957864,1050,497300,85636,0
3992,1,0 days 09:30:00.253020838,0,0,85669,0
5056,1,0 days 09:30:00.253090653,0,0,85674,0
4230,1,0 days 09:30:00.253128836,0,0,85700,0
313,1,0 days 09:30:00.253148477,336,39300,85701,0
7055,1,0 days 09:30:00.253223291,0,0,85734,0
3685,1,0 days 09:30:00.253575592,331,1794200,85966,0
8285,1,0 days 09:30:00.253887516,0,0,86123,0
8788,1,0 days 09:30:00.254123719,0,0,86245,0
6254,2,0 days 09:30:00.254177454,827,82700,86271,0
1679,1,0 days 09:30:00.254463531,0,0,86383,0
7305,1,0 days 09:30:00.254537302,1817,46600,86384,0
5567,1,0 days 09:30:00.254755778,0,0,86454,0
34,1,0 days 09:30:00.254889722,0,0,86530,0
7326,1,0 days 09:30:00.254979562,0,0,86592,0
5050,1,0 days 09:30:00.255096371,0,0,86637,0
411,1,0 days 09:30:00.255139535,0,0,86638,0
5516,1,0 days 09:30:00.255238503,0,0,86639,0
1291,3,0 days 09:30:00.255262842,13189,699900,86642,0
2476,6,0 days 09:30:00.255430681,6476,118500,86651,0
3818,1,0 days 09:30:00.255561816,0,0,86654,0
1257,1,0 days 09:30:00.255627868,0,0,86655,0
4231,1,0 days 09:30:00.255633796,0,0,86656,0
6256,1,0 days 09:30:00.255721052,0,0,86657,0
4256,1,0 days 09:30:00.255779654,105,270900,86658,0
5277,1,0 days 09:30:00.255857157,0,0,86661,0
5578,1,0 days 09:30:00.255919171,0,0,86662,0
5113,1,0 days 09:30:00.255948086,0,0,86663,0
4367,1,0 days 09:30:00.256037606,0,0,86664,0
5395,1,0 days 09:30:00.256120414,0,0,86665,0
1365,3,0 days 09:30:00.256160518,4178,62200,86668,0
3130,1,0 days 09:30:00.256232827,0,0,86674,0
1026,1,0 days 09:30:00.256384005,0,0,86676,0
7191,1,0 days 09:30:00.256469315,0,0,86677,0
4646,1,0 days 09:30:00.256472374,0,0,86678,0
4545,1,0 days 09:30:00.256573294,0,0,86679,0
960,1,0 days 09:30:00.256665195,0,0,86681,0
2860,1,0 days 09:30:00.256694885,0,0,86682,0
2008,1,0 days 09:30:00.256753234,0,0,86684,0
2972,1,0 days 09:30:00.256821259,0,0,86685,0
5480,1,0 days 09:30:00.256887619,0,0,86686,0
1316,1,0 days 09:30:00.256943684,0,0,86687,0
3127,1,0 days 09:30:00.256997232,1146,472800,86688,0
5731,1,0 days 09:30:00.257024098,0,0,86691,0
4109,1,0 days 09:30:00.257075627,0,0,86692,0
5841,2,0 days 09:30:00.257267981,2117,149600,86695,0
7070,1,0 days 09:30:00.257297519,0,0,86696,0
1548,1,0 days 09:30:00.257457259,1910,20300,86699,0
1068,1,0 days 09:30:00.257547793,0,0,86702,0
6420,1,0 days 09:30:00.257589211,738,723800,86705,0
6200,1,0 days 09:30:00.257689706,0,0,86708,0
212,1,0 days 09:30:00.257740381,0,0,86709,0
1389,2,0 days 09:30:00.257845884,8424,111300,86711,0
8829,1,0 days 09:30:00.257851368,1528,464100,86712,0
7850,2,0 days 09:30:00.258064399,300,53700,86718,0
5537,1,0 days 09:30:00.258313509,0,0,86721,0
2419,1,0 days 09:30:00.258377187,0,0,86722,0
6441,5,0 days 09:30:00.258382507,3430,27000,86727,0
8759,1,0 days 09:30:00.258445303,0,0,86730,0
3056,2,0 days 09:30:00.258583515,33511,46000,86732,0
1280,1,0 days 09:30:00.258612007,0,0,86734,0
7073,1,0 days 09:30:00.258664781,0,0,86736,0
7052,1,0 days 09:30:00.258804920,10518,49200,86737,0
3185,1,0 days 09:30:00.258896919,0,0,86740,0
6708,1,0 days 09:30:00.258973768,0,0,86741,0
706,1,0 days 09:30:00.259009094,1400,653700,86742,0
7847,3,0 days 09:30:00.259040624,2000,54000,86746,0
1822,1,0 days 09:30:00.259123241,0,0,86750,0
6547,1,0 days 09:30:00.259176236,0,0,86751,0
4908,1,0 days 09:30:00.259306249,0,0,86755,0
1005,1,0 days 09:30:00.259363662,5956,181500,86756,0
2981,1,0 days 09:30:00.259511543,2320,555500,86760,0
5002,1,0 days 09:30:00.259595247,0,0,86763,0
8800,1,0 days 09:30:00.259678886,0,0,86764,0
1833,1,0 days 09:30:00.259765821,0,0,86767,0
5773,2,0 days 09:30:00.259789152,1796,19000,86769,0
7735,1,0 days 09:30:00.259825946,0,0,86771,0
8049,2,0 days 09:30:00.259999683,816,781500,86774,0
1874,1,0 days 09:30:00.260086234,0,0,86777,0
1694,1,0 days 09:30:00.260157743,0,0,86779,0
4566,1,0 days 09:30:00.260190919,0,0,86780,0
1143,4,0 days 09:30:00.260361769,1432,72500,86785,0
2909,1,0 days 09:30:00.260421805,0,0,86789,0
2574,1,0 days 09:30:00.260552571,10275,458500,86790,0
8384,1,0 days 09:30:00.260672750,0,0,86793,0
3752,1,0 days 09:30:00.260711406,0,0,86794,0
4756,1,0 days 09:30:00.260818232,0,0,86795,0
2601,1,0 days 09:30:00.260884778,0,0,86796,0
7988,1,0 days 09:30:00.260949593,0,0,86797,0
8674,1,0 days 09:30:00.261079516,0,0,86798,0
2611,1,0 days 09:30:00.261146019,0,0,86799,0
8005,1,0 days 09:30:00.261202681,1592,861000,86801,0
8537,1,0 days 09:30:00.261228823,0,0,86802,0
6813,1,0 days 09:30:00.261316528,0,0,86806,0
4811,2,0 days 09:30:00.261411918,700,4200,86808,0
1138,1,0 days 09:30:00.261496550,0,0,86812,0
5807,1,0 days 09:30:00.261590586,257,113000,86813,0
3624,1,0 days 09:30:00.261663469,0,0,86816,0
4496,1,0 days 09:30:00.261725474,0,0,86817,0
7864,1,0 days 09:30:00.261787307,0,0,86818,0
1432,1,0 days 09:30:00.261852687,0,0,86819,0
4816,1,0 days 09:30:00.262016444,534,362100,86820,0
7432,1,0 days 09:30:00.262091775,0,0,86824,0
1510,1,0 days 09:30:00.262143795,0,0,86825,0
3551,1,0 days 09:30:00.262197560,0,0,86826,0
1278,1,0 days 09:30:00.262274468,0,0,86827,0
7104,1,0 days 09:30:00.262290590,0,0,86828,0
8417,1,0 days 09:30:00.262405407,0,0,86830,0
3803,1,0 days 09:30:00.262445990,0,0,86831,0
4807,1,0 days 09:30:00.262490746,656,488900,86832,0
3994,1,0 days 09:30:00.262584536,0,0,86835,0
2381,1,0 days 09:30:00.262634481,0,0,86837,0
1419,4,0 days 09:30:00.262771521,9375,181500,86841,0
6520,3,0 days 09:30:00.262825204,7759,249700,86846,0
3928,1,0 days 09:30:00.262864649,0,0,86847,0
2353,1,0 days 09:30:00.263063568,0,0,86850,0
8833,2,0 days 09:30:00.263092286,23263,1718,86852,0
745,1,0 days 09:30:00.263251394,525,904500,86856,0
6278,1,0 days 09:30:00.263380492,0,0,86859,0
7544,1,0 days 09:30:00.263441672,0,0,86860,0
7666,2,0 days 09:30:00.263510054,100,253500,86862,0
1341,1,0 days 09:30:00.263589811,0,0,86865,0
263,1,0 days 09:30:00.263650083,0,0,86866,0
4288,1,0 days 09:30:00.263650996,403,276800,86867,0
5089,1,0 days 09:30:00.263770270,786,146500,86870,0
3949,1,0 days 09:30:00.263864579,0,0,86873,0
6331,1,0 days 09:30:00.263882019,0,0,86874,0
293,2,0 days 09:30:00.263931037,48,10500,86876,0
2699,3,0 days 09:30:00.264076499,13748,73400,86883,0
4507,1,0 days 09:30:00.264100594,0,0,86885,0
4075,1,0 days 09:30:00.264190223,0,0,86888,0
5314,1,0 days 09:30:00.264310325,0,0,86889,0
3021,1,0 days 09:30:00.264369353,0,0,86894,0
2482,2,0 days 09:30:00.264417196,932,534900,86900,0
4425,1,0 days 09:30:00.264472662,0,0,86905,0
8159,1,0 days 09:30:00.264563519,0,0,86906,0
2393,1,0 days 09:30:00.264646757,0,0,86909,0
3961,1,0 days 09:30:00.264714940,902,432700,86911,0
7158,3,0 days 09:30:00.264780242,3464,5142,86916,0
5388,1,0 days 09:30:00.264891591,0,0,86919,0
8824,1,0 days 09:30:00.264947089,0,0,86920,0
4477,1,0 days 09:30:00.264999754,0,0,86921,0
1237,1,0 days 09:30:00.265105934,0,0,86922,0
4249,2,0 days 09:30:00.265118558,7600,119800,86924,0
3958,1,0 days 09:30:00.265232657,0,0,86927,0
4011,1,0 days 09:30:00.265307384,308,32700,86928,0
5108,1,0 days 09:30:00.265455939,0,0,86931,0
4273,1,0 days 09:30:00.265682609,21310,358600,86932,0
8374,1,0 days 09:30:00.265992869,6593,160000,86937,0
1273,1,0 days 09:30:00.266032209,959,115400,86939,0
2925,1,0 days 09:30:00.266119667,0,0,86943,0
1627,1,0 days 09:30:00.266208069,0,0,86944,0
2546,1,0 days 09:30:00.266398053,0,0,86946,0
1156,1,0 days 09:30:00.266501691,17916,331700,86947,0
2232,1,0 days 09:30:00.266671404,110,321200,86954,0
3300,1,0 days 09:30:00.266700768,0,0,86956,0
6591,1,0 days 09:30:00.266798251,0,0,86959,0
704,1,0 days 09:30:00.266949770,0,0,86960,0
1929,1,0 days 09:30:00.267024050,0,0,86961,0
7924,1,0 days 09:30:00.267047608,0,0,86962,0
6121,1,0 days 09:30:00.267097455,0,0,86971,0
316,1,0 days 09:30:00.267184439,369,228200,86973,0
3777,2,0 days 09:30:00.267278600,1019,29000,86977,0
2937,1,0 days 09:30:00.267291697,0,0,86978,0
4111,3,0 days 09:30:00.267370832,2025,39000,86984,0
5840,1,0 days 09:30:00.267502712,458,825000,86987,0
6757,1,0 days 09:30:00.267526024,0,0,86988,0
7479,7,0 days 09:30:00.267726430,32266,155000,86997,0
8224,1,0 days 09:30:00.267789509,0,0,86999,0
5492,1,0 days 09:30:00.267845213,0,0,87001,0
5000,2,0 days 09:30:00.267999357,5464,39600,87005,0
7451,1,0 days 09:30:00.268143437,0,0,87008,0
7487,1,0 days 09:30:00.268171839,0,0,87009,0
6260,2,0 days 09:30:00.268212846,7,10800,87011,0
3030,1,0 days 09:30:00.268339194,9411,33200,87014,0
8281,1,0 days 09:30:00.268483752,0,0,87017,0
7117,1,0 days 09:30:00.268584714,0,0,87018,0
2239,1,0 days 09:30:00.268676190,0,0,87020,0
360,2,0 days 09:30:00.268790225,7975,132800,87022,0
23,1,0 days 09:30:00.268847205,3629,429800,87023,0
502,3,0 days 09:30:00.269035674,32,215000,87060,0
2528,1,0 days 09:30:00.269110169,0,0,87063,0
5756,3,0 days 09:30:00.269265682,948,251800,87066,0
6409,1,0 days 09:30:00.269285389,0,0,87067,0
3773,1,0 days 09:30:00.269347054,0,0,87070,0
2166,2,0 days 09:30:00.269521927,7156,140200,87072,0
1676,1,0 days 09:30:00.269637651,0,0,87076,0
6173,1,0 days 09:30:00.269661207,0,0,87078,0
7197,2,0 days 09:30:00.269781337,1261,506500,87080,0
6583,1,0 days 09:30:00.269901445,200,305600,87083,0
6919,1,0 days 09:30:00.269987354,0,0,87085,0
3229,1,0 days 09:30:00.270092490,0,0,87086,0
6215,1,0 days 09:30:00.270133783,0,0,87087,0
5107,1,0 days 09:30:00.270179618,0,0,87088,0
858,1,0 days 09:30:00.270432818,0,0,87090,0
2587,1,0 days 09:30:00.270439467,0,0,87091,0
6801,1,0 days 09:30:00.270560654,2149,358800,87092,0
3758,1,0 days 09:30:00.270637509,0,0,87095,0
3333,3,0 days 09:30:00.270694488,100,50500,87098,0
8584,1,0 days 09:30:00.270709222,0,0,87099,0
8547,1,0 days 09:30:00.270880561,0,0,87102,0
3469,1,0 days 09:30:00.270910854,0,0,87103,0
6089,2,0 days 09:30:00.270950414,4,25000,87105,0
3344,1,0 days 09:30:00.271117407,0,0,87108,0
7744,2,0 days 09:30:00.271213077,8348,1211200,87110,0
642,1,0 days 09:30:00.271475688,0,0,87114,0
8279,1,0 days 09:30:00.271553316,0,0,87115,0
8089,1,0 days 09:30:00.271600534,0,0,87116,0
5456,1,0 days 09:30:00.271639784,0,0,87118,0
7346,1,0 days 09:30:00.271693775,0,0,87119,0
8722,1,0 days 09:30:00.271743388,0,0,87120,0
2642,1,0 days 09:30:00.271863342,0,0,87123,0
6633,1,0 days 09:30:00.271931581,0,0,87124,0
5280,1,0 days 09:30:00.271988154,0,0,87125,0
4403,1,0 days 09:30:00.272035175,0,0,87126,0
6347,1,0 days 09:30:00.272076189,0,0,87128,0
8552,1,0 days 09:30:00.272144021,0,0,87129,0
2185,1,0 days 09:30:00.272188644,0,0,87131,0
1981,1,0 days 09:30:00.272228170,1000,102300,87132,0
3885,1,0 days 09:30:00.272295598,0,0,87136,0
8798,1,0 days 09:30:00.272359559,0,0,87139,0
865,1,0 days 09:30:00.272664685,5668,3003700,87140,0
582,1,0 days 09:30:00.272702546,89,278100,87141,0
2543,1,0 days 09:30:00.273044501,10726,361100,87148,0
8117,1,0 days 09:30:00.273162479,0,0,87151,0
225,1,0 days 09:30:00.273311627,0,0,87152,0
2928,1,0 days 09:30:00.273357684,0,0,87153,0
1250,1,0 days 09:30:00.273417512,0,0,87154,0
8288,1,0 days 09:30:00.273492632,0,0,87155,0
3047,7,0 days 09:30:00.273588588,15389,24000,87166,0
3393,1,0 days 09:30:00.273667856,0,0,87170,0
2464,2,0 days 09:30:00.273787170,2749,506900,87173,0
1002,1,0 days 09:30:00.273879876,11,317300,87176,0
1221,1,0 days 09:30:00.273931384,0,0,87179,0
2550,1,0 days 09:30:00.273979871,338,277700,87180,0
2173,5,0 days 09:30:00.274002373,1414,32800,87187,0
7926,1,0 days 09:30:00.274046883,0,0,87190,0
4568,1,0 days 09:30:00.274125075,0,0,87192,0
7564,1,0 days 09:30:00.274276153,854,1570200,87193,0
7053,1,0 days 09:30:00.274330765,0,0,87196,0
24,1,0 days 09:30:00.274423977,650,91500,87197,0
909,2,0 days 09:30:00.274500949,441,5200,87201,0
1784,4,0 days 09:30:00.274626069,4075,85000,87208,0
4358,1,0 days 09:30:00.274637739,3281,1513200,87209,0
3734,1,0 days 09:30:00.274824238,0,0,87216,0
6371,2,0 days 09:30:00.274946397,648,21300,87218,0
355,1,0 days 09:30:00.275017538,0,0,87221,0
3930,1,0 days 09:30:00.275075513,0,0,87222,0
6179,2,0 days 09:30:00.275270430,1315,11700,87224,0
5034,1,0 days 09:30:00.275385581,0,0,87227,0
7004,1,0 days 09:30:00.275423150,0,0,87228,0
6192,1,0 days 09:30:00.275494695,241,193600,87229,0
2141,1,0 days 09:30:00.275538868,0,0,87232,0
6459,1,0 days 09:30:00.275593793,0,0,87233,0
6211,1,0 days 09:30:00.275645982,0,0,87235,0
4018,1,0 days 09:30:00.275715629,0,0,87236,0
6831,1,0 days 09:30:00.275740163,0,0,87237,0
1120,2,0 days 09:30:00.275814636,773,83000,87239,0
3489,1,0 days 09:30:00.275961044,0,0,87242,0
406,7,0 days 09:30:00.275966494,10291,298600,87249,0
4344,1,0 days 09:30:00.276070412,0,0,87252,0
2607,1,0 days 09:30:00.276113725,0,0,87253,0
4819,3,0 days 09:30:00.276216971,39,7550,87256,0
249,1,0 days 09:30:00.276262636,0,0,87259,0
1253,3,0 days 09:30:00.276348981,661,213300,87262,0
5897,1,0 days 09:30:00.276480730,432,49200,87265,0
4469,1,0 days 09:30:00.276575021,0,0,87268,0
6338,1,0 days 09:30:00.276590055,0,0,87269,0
8156,1,0 days 09:30:00.276640450,0,0,87270,0
6848,1,0 days 09:30:00.276746926,2384,313800,87271,0
1333,2,0 days 09:30:00.276859757,1116,12700,87275,0
1260,1,0 days 09:30:00.276872785,0,0,87276,0
6323,1,0 days 09:30:00.276979296,0,0,87279,0
2064,1,0 days 09:30:00.277220092,0,0,87281,0
6397,2,0 days 09:30:00.277307403,54,807300,87283,0
1013,2,0 days 09:30:00.277317225,2600,165500,87286,0
2553,1,0 days 09:30:00.277404073,0,0,87291,0
7467,1,0 days 09:30:00.277455031,0,0,87292,0
1792,1,0 days 09:30:00.277520812,0,0,87293,0
7129,1,0 days 09:30:00.277570112,0,0,87294,0
2329,1,0 days 09:30:00.277674574,0,0,87295,0
2738,1,0 days 09:30:00.277729649,0,0,87296,0
4475,1,0 days 09:30:00.277773647,0,0,87297,0
3569,1,0 days 09:30:00.277847316,0,0,87301,0
5876,1,0 days 09:30:00.277874707,4331,317700,87302,0
2802,3,0 days 09:30:00.277892307,10,261400,87305,0
5835,1,0 days 09:30:00.278170446,5180,656800,87310,0
3220,1,0 days 09:30:00.278188498,0,0,87312,0
1383,1,0 days 09:30:00.278304166,0,0,87316,0
1171,1,0 days 09:30:00.278414985,0,0,87317,0
5464,1,0 days 09:30:00.278488244,721,15400,87318,0
4671,1,0 days 09:30:00.278529451,0,0,87321,0
5384,1,0 days 09:30:00.278581883,0,0,87322,0
789,1,0 days 09:30:00.278635134,0,0,87323,0
3447,1,0 days 09:30:00.278674675,0,0,87324,0
3663,1,0 days 09:30:00.278774939,0,0,87325,0
8535,1,0 days 09:30:00.278783309,0,0,87326,0
1780,1,0 days 09:30:00.278915709,13229,16700,87327,0
534,1,0 days 09:30:00.279029503,0,0,87360,0
1716,3,0 days 09:30:00.279372058,12647,660000,87363,0
4786,1,0 days 09:30:00.279450559,929,1364900,87365,0
7345,1,0 days 09:30:00.279667250,0,0,87373,0
4323,1,0 days 09:30:00.279781056,0,0,87375,0
6067,1,0 days 09:30:00.279822384,0,0,87376,0
261,1,0 days 09:30:00.279911544,0,0,87377,0
6362,3,0 days 09:30:00.279917884,2634,94000,87380,0
8438,1,0 days 09:30:00.280024374,0,0,87383,0
3052,1,0 days 09:30:00.280101949,0,0,87384,0
6080,1,0 days 09:30:00.280165677,0,0,87385,0
1796,1,0 days 09:30:00.280200511,0,0,87386,0
6507,1,0 days 09:30:00.280223132,0,0,87387,0
8149,1,0 days 09:30:00.280283590,0,0,87388,0
5818,1,0 days 09:30:00.280362021,0,0,87389,0
4297,1,0 days 09:30:00.280412393,0,0,87390,0
7024,1,0 days 09:30:00.280432423,0,0,87391,0
1460,1,0 days 09:30:00.280481063,0,0,87393,0
2422,1,0 days 09:30:00.280544389,0,0,87394,0
896,1,0 days 09:30:00.280586273,0,0,87396,0
6539,1,0 days 09:30:00.280663773,0,0,87400,0
2405,1,0 days 09:30:00.280701981,0,0,87401,0
7471,1,0 days 09:30:00.280824611,215,521800,87403,0
6841,1,0 days 09:30:00.280879536,0,0,87407,0
472,1,0 days 09:30:00.280899564,0,0,87408,0
4000,6,0 days 09:30:00.281072743,7583,18300,87414,0
8487,1,0 days 09:30:00.281120607,0,0,87417,0
4283,4,0 days 09:30:00.281263796,11853,46000,87423,0
5060,1,0 days 09:30:00.281365596,0,0,87426,0
5522,1,0 days 09:30:00.281396597,0,0,87427,0
7444,1,0 days 09:30:00.281458437,0,0,87428,0
4326,1,0 days 09:30:00.281510015,0,0,87430,0
4161,1,0 days 09:30:00.281787371,15547,392400,87431,0
4009,1,0 days 09:30:00.281805505,0,0,87432,0
7745,1,0 days 09:30:00.282173811,3714,1436000,87438,0
8332,1,0 days 09:30:00.282222086,0,0,87439,0
7844,1,0 days 09:30:00.282276032,0,0,87444,0
8546,1,0 days 09:30:00.282354339,0,0,87446,0
5009,1,0 days 09:30:00.282434851,0,0,87449,0
4307,1,0 days 09:30:00.282526730,0,0,87450,0
4592,1,0 days 09:30:00.282552635,0,0,87451,0
8784,1,0 days 09:30:00.282808678,0,0,87452,0
4039,1,0 days 09:30:00.282897600,0,0,87453,0
4196,1,0 days 09:30:00.283029859,0,0,87454,0
5733,1,0 days 09:30:00.283132698,3857,144200,87455,0
5085,1,0 days 09:30:00.283219010,0,0,87459,0
4457,1,0 days 09:30:00.283274441,0,0,87460,0
425,1,0 days 09:30:00.283302517,0,0,87461,0
3290,1,0 days 09:30:00.283344751,0,0,87462,0
4488,1,0 days 09:30:00.283395890,0,0,87465,0
2761,1,0 days 09:30:00.283457769,102,212600,87466,0
3388,1,0 days 09:30:00.283544458,743,2092000,87469,0
8754,1,0 days 09:30:00.283686545,0,0,87472,0
7822,1,0 days 09:30:00.283840688,0,0,87475,0
2895,1,0 days 09:30:00.283937447,0,0,87476,0
6109,2,0 days 09:30:00.284097903,7033,231200,87478,0
3314,1,0 days 09:30:00.284216339,0,0,87483,0
6065,1,0 days 09:30:00.284270470,9922,203700,87484,0
7719,2,0 days 09:30:00.284317468,200,325000,87489,0
5989,1,0 days 09:30:00.284414553,0,0,87493,0
106,2,0 days 09:30:00.284543908,1618,11900,87497,0
527,1,0 days 09:30:00.284622857,0,0,87498,0
3618,1,0 days 09:30:00.284627165,0,0,87500,0
6396,2,0 days 09:30:00.284677875,26,324600,87503,0
4246,1,0 days 09:30:00.284765727,0,0,87506,0
8811,1,0 days 09:30:00.284824534,0,0,87507,0
8073,1,0 days 09:30:00.284868215,0,0,87508,0
2357,1,0 days 09:30:00.285003486,497,81200,87509,0
3180,1,0 days 09:30:00.285181303,0,0,87512,0
1122,1,0 days 09:30:00.285323625,0,0,87513,0
5826,1,0 days 09:30:00.285338924,0,0,87514,0
4694,1,0 days 09:30:00.285408684,0,0,87515,0
4707,2,0 days 09:30:00.285491938,2223,198500,87517,0
1670,1,0 days 09:30:00.285590697,338,10300,87520,0
1152,2,0 days 09:30:00.285676858,179,159800,87526,0
6879,1,0 days 09:30:00.285739355,0,0,87529,0
4388,1,0 days 09:30:00.285794044,0,0,87530,0
434,1,0 days 09:30:00.285890667,293,273200,87532,0
2668,1,0 days 09:30:00.285963960,0,0,87535,0
7987,1,0 days 09:30:00.285991057,6935,923200,87536,0
2827,2,0 days 09:30:00.286053184,2416,255900,87539,0
831,1,0 days 09:30:00.286217705,0,0,87543,0
3211,1,0 days 09:30:00.286287970,0,0,87575,0
7249,1,0 days 09:30:00.286392781,3590,206700,87576,0
204,1,0 days 09:30:00.286442208,0,0,87579,0
181,1,0 days 09:30:00.286475641,0,0,87580,0
7291,1,0 days 09:30:00.286550038,0,0,87581,0
545,1,0 days 09:30:00.286629161,0,0,87582,0
6049,1,0 days 09:30:00.286708305,0,0,87584,0
1714,1,0 days 09:30:00.286762348,0,0,87585,0
4219,1,0 days 09:30:00.286766432,0,0,87586,0
7995,1,0 days 09:30:00.286907356,0,0,87588,0
5559,1,0 days 09:30:00.286954837,0,0,87590,0
5340,1,0 days 09:30:00.287010585,0,0,87591,0
1961,1,0 days 09:30:00.287074874,0,0,87592,0
2462,3,0 days 09:30:00.287099686,2094,4852,87595,0
366,1,0 days 09:30:00.287183783,0,0,87598,0
8632,1,0 days 09:30:00.287318336,0,0,87599,0
7455,1,0 days 09:30:00.287355834,0,0,87600,0
3223,2,0 days 09:30:00.287417006,3796,28700,87602,0
5906,1,0 days 09:30:00.287535270,0,0,87605,0
5235,1,0 days 09:30:00.287579964,0,0,87607,0
1148,1,0 days 09:30:00.287676758,100,14500,87608,0
5268,1,0 days 09:30:00.287776868,0,0,87611,0
4099,1,0 days 09:30:00.287826105,0,0,87612,0
4809,1,0 days 09:30:00.288039365,8300,359800,87613,0
1509,2,0 days 09:30:00.288097585,164,17000,87617,0
2545,1,0 days 09:30:00.288148703,0,0,87620,0
8880,1,0 days 09:30:00.288221815,0,0,87621,0
7150,1,0 days 09:30:00.288298356,0,0,87622,0
3588,1,0 days 09:30:00.288361194,0,0,87623,0
7853,1,0 days 09:30:00.288415855,0,0,87625,0
439,1,0 days 09:30:00.288422373,0,0,87626,0
8792,1,0 days 09:30:00.288464454,0,0,87627,0
47,1,0 days 09:30:00.288524319,0,0,87628,0
3274,1,0 days 09:30:00.288625789,0,0,87629,0
7353,2,0 days 09:30:00.288654185,1093,110400,87631,0
7768,1,0 days 09:30:00.288782408,0,0,87634,0
4102,1,0 days 09:30:00.288842401,0,0,87635,0
3153,3,0 days 09:30:00.288880858,757,415300,87638,0
7157,1,0 days 09:30:00.288897212,0,0,87639,0
8216,1,0 days 09:30:00.288957309,0,0,87642,0
3409,1,0 days 09:30:00.289015216,0,0,87643,0
1798,1,0 days 09:30:00.289185604,0,0,87645,0
8373,2,0 days 09:30:00.289193378,3243,43000,87647,0
2343,1,0 days 09:30:00.289294076,0,0,87651,0
4705,2,0 days 09:30:00.289444401,100,257000,87653,0
549,2,0 days 09:30:00.289495614,562,1354500,87657,0
1069,1,0 days 09:30:00.289616895,0,0,87660,0
1360,1,0 days 09:30:00.289642446,0,0,87661,0
8896,2,0 days 09:30:00.289711444,2616,20300,87663,0
5633,1,0 days 09:30:00.289779548,0,0,87666,0
3623,1,0 days 09:30:00.289842383,0,0,87667,0
7723,1,0 days 09:30:00.289896004,0,0,87668,0
7020,1,0 days 09:30:00.289941041,0,0,87670,0
7638,1,0 days 09:30:00.290075696,1907,591500,87672,0
6077,1,0 days 09:30:00.290161290,100,14100,87675,0
7180,2,0 days 09:30:00.290198941,821,212500,87679,0
8828,1,0 days 09:30:00.290288394,0,0,87683,0
757,1,0 days 09:30:00.290354367,0,0,87684,0
5986,1,0 days 09:30:00.290412256,0,0,87685,0
2039,1,0 days 09:30:00.290429719,0,0,87686,0
2832,1,0 days 09:30:00.290470545,0,0,87687,0
5333,1,0 days 09:30:00.290522641,0,0,87688,0
5278,1,0 days 09:30:00.290581906,0,0,87689,0
5228,1,0 days 09:30:00.290664237,468,1524900,87690,0
5690,1,0 days 09:30:00.290754570,0,0,87693,0
8613,1,0 days 09:30:00.290806500,0,0,87694,0
4612,5,0 days 09:30:00.290929220,6645,68000,87699,0
8837,1,0 days 09:30:00.291018746,0,0,87705,0
2327,1,0 days 09:30:00.291085093,394,712400,87706,0
40,1,0 days 09:30:00.291117206,6373,440300,87709,0
2367,1,0 days 09:30:00.291169497,1257,601100,87711,0
2169,1,0 days 09:30:00.291312867,0,0,87716,0
748,1,0 days 09:30:00.291401856,0,0,87717,0
2187,2,0 days 09:30:00.291443820,200,299300,87719,0
1729,1,0 days 09:30:00.291489564,2000,78400,87720,0
3903,1,0 days 09:30:00.291557275,0,0,87734,0
8214,1,0 days 09:30:00.291619175,0,0,87755,0
1977,1,0 days 09:30:00.291677190,0,0,87756,0
803,1,0 days 09:30:00.291775263,0,0,87757,0
49,1,0 days 09:30:00.291816570,0,0,87759,0
7141,1,0 days 09:30:00.291891755,0,0,87760,0
5318,1,0 days 09:30:00.291966343,0,0,87761,0
965,1,0 days 09:30:00.292033379,0,0,87762,0
4041,1,0 days 09:30:00.292052184,0,0,87763,0
6472,1,0 days 09:30:00.292130893,1255,296600,87764,0
1971,1,0 days 09:30:00.292190822,0,0,87768,0
8511,1,0 days 09:30:00.292240829,0,0,87769,0
226,1,0 days 09:30:00.292312942,0,0,87770,0
3720,1,0 days 09:30:00.292355650,0,0,87771,0
6875,2,0 days 09:30:00.292416669,1819,217100,87774,0
6766,2,0 days 09:30:00.292457357,911,393000,87776,0
60,1,0 days 09:30:00.292541898,0,0,87781,0
8226,1,0 days 09:30:00.292620364,576,17800,87782,0
5867,1,0 days 09:30:00.292699991,2920,260000,87785,0
1172,1,0 days 09:30:00.292725418,0,0,87787,0
298,1,0 days 09:30:00.292771317,0,0,87789,0
5540,1,0 days 09:30:00.292852010,0,0,87790,0
4510,1,0 days 09:30:00.292911801,0,0,87791,0
7525,1,0 days 09:30:00.292966369,0,0,87792,0
4602,1,0 days 09:30:00.293000175,0,0,87793,0
5759,2,0 days 09:30:00.293042443,4333,24000,87795,0
2062,1,0 days 09:30:00.293095859,0,0,87798,0
2623,1,0 days 09:30:00.293167724,0,0,87799,0
5454,1,0 days 09:30:00.293186293,0,0,87800,0
7051,2,0 days 09:30:00.293269077,8702,1670,87802,0
2924,1,0 days 09:30:00.293363952,0,0,87805,0
5150,1,0 days 09:30:00.293433006,0,0,87806,0
1515,1,0 days 09:30:00.293717816,13741,111500,87807,0
760,1,0 days 09:30:00.293752053,0,0,87808,0
3574,1,0 days 09:30:00.294176742,194,57100,87811,0
5783,4,0 days 09:30:00.294212151,32181,4100,87817,0
864,1,0 days 09:30:00.294422730,0,0,87820,0
3762,1,0 days 09:30:00.294501941,0,0,87821,0
3071,1,0 days 09:30:00.294587985,0,0,87822,0
8388,2,0 days 09:30:00.294600258,1249,236900,87825,0
6006,1,0 days 09:30:00.294793405,18776,168700,87829,0
7623,1,0 days 09:30:00.294931391,0,0,87832,0
2556,2,0 days 09:30:00.294943131,272,1555400,87834,0
4823,1,0 days 09:30:00.294973445,0,0,87836,0
4194,1,0 days 09:30:00.295053890,1501,52400,87838,0
4211,1,0 days 09:30:00.295200409,2530,1438500,87863,0
2120,1,0 days 09:30:00.295252039,0,0,87873,0
3046,1,0 days 09:30:00.295297664,0,0,87876,0
264,1,0 days 09:30:00.295404339,0,0,87877,0
85,1,0 days 09:30:00.295473617,0,0,87878,0
8675,1,0 days 09:30:00.295538127,0,0,87879,0
8209,1,0 days 09:30:00.295564226,0,0,87880,0
2252,1,0 days 09:30:00.295586141,0,0,87881,0
4456,1,0 days 09:30:00.295729395,0,0,87882,0
2585,1,0 days 09:30:00.295813985,0,0,87883,0
3934,1,0 days 09:30:00.295858147,0,0,87884,0
3152,1,0 days 09:30:00.295905975,0,0,87885,0
321,1,0 days 09:30:00.295978806,5937,364500,87887,0
901,1,0 days 09:30:00.296010196,0,0,87888,0
8315,2,0 days 09:30:00.296133763,1216,148600,87892,0
4204,1,0 days 09:30:00.296227526,0,0,87896,0
637,1,0 days 09:30:00.296502759,0,0,87897,0
5127,3,0 days 09:30:00.296532093,300,153500,87900,0
4421,1,0 days 09:30:00.296624575,0,0,87903,0
5924,2,0 days 09:30:00.296786706,809,169000,87907,0
8202,1,0 days 09:30:00.296790826,604,147000,87908,0
4813,1,0 days 09:30:00.297101968,7459,41000,87913,0
993,3,0 days 09:30:00.297127364,4159,120800,87917,0
3186,1,0 days 09:30:00.297231960,0,0,87921,0
480,1,0 days 09:30:00.297375232,713,453700,87922,0
4653,1,0 days 09:30:00.297451378,203,238100,87925,0
1187,2,0 days 09:30:00.297511170,861,57100,87929,0
3546,1,0 days 09:30:00.297522671,0,0,87930,0
1133,1,0 days 09:30:00.297671698,0,0,87933,0
6167,1,0 days 09:30:00.297813164,0,0,87934,0
4737,1,0 days 09:30:00.297845084,0,0,87935,0
8457,1,0 days 09:30:00.297980166,1687,1940500,87958,0
2278,1,0 days 09:30:00.298110313,0,0,87978,0
5115,1,0 days 09:30:00.298116774,0,0,87985,0
8408,1,0 days 09:30:00.298255630,0,0,87988,0
6557,1,0 days 09:30:00.298322610,0,0,87989,0
6858,1,0 days 09:30:00.298490898,226,1207400,87990,0
5332,13,0 days 09:30:00.298629313,208116,537700,88007,0
381,1,0 days 09:30:00.299646405,408,656600,88008,0
6311,1,0 days 09:30:00.299677838,0,0,88009,0
7337,1,0 days 09:30:00.300984987,1802,349900,88052,0
3039,1,0 days 09:30:00.301054026,0,0,88054,0
2116,1,0 days 09:30:00.301676,0,0,88057,0
6876,1,0 days 09:30:00.301918912,0,0,88059,0
418,1,0 days 09:30:00.301956653,19,7350,88060,0
8123,1,0 days 09:30:00.302071712,0,0,88063,0
2991,1,0 days 09:30:00.302133450,0,0,88064,0
2282,1,0 days 09:30:00.302189830,0,0,88065,0
3915,1,0 days 09:30:00.302300739,1313,586800,88066,0
7383,1,0 days 09:30:00.302348936,0,0,88069,0
3978,1,0 days 09:30:00.302408243,105,68400,88070,0
8126,1,0 days 09:30:00.302422877,0,0,88071,0
2114,1,0 days 09:30:00.302532459,0,0,88074,0
4209,1,0 days 09:30:00.302595967,0,0,88075,0
2424,2,0 days 09:30:00.302657477,818,296100,88077,0
5311,1,0 days 09:30:00.302734780,0,0,88080,0
7599,2,0 days 09:30:00.302760796,1802,92500,88082,0
8865,1,0 days 09:30:00.302790394,0,0,88083,0
6180,1,0 days 09:30:00.302874315,0,0,88086,0
821,1,0 days 09:30:00.302920908,0,0,88087,0
1022,1,0 days 09:30:00.303034878,1716,165000,88088,0
8885,1,0 days 09:30:00.303076120,0,0,88091,0
6444,3,0 days 09:30:00.303085797,2625,778700,88094,0
7583,1,0 days 09:30:00.303132269,0,0,88097,0
7130,1,0 days 09:30:00.303191070,0,0,88098,0
1844,1,0 days 09:30:00.303244997,0,0,88100,0
7242,1,0 days 09:30:00.303323680,828,310600,88124,0
8263,1,0 days 09:30:00.303395328,0,0,88127,0
2631,2,0 days 09:30:00.303475196,1021,265300,88137,0
6706,1,0 days 09:30:00.303682915,0,0,88140,0
6186,1,0 days 09:30:00.303808752,0,0,88145,0
8718,1,0 days 09:30:00.303843091,0,0,88146,0
3142,1,0 days 09:30:00.303894084,0,0,88147,0
1715,1,0 days 09:30:00.303963555,0,0,88148,0
7851,2,0 days 09:30:00.304085937,4130,4404,88150,0
4087,1,0 days 09:30:00.304114049,0,0,88152,0
3613,1,0 days 09:30:00.304157909,0,0,88154,0
428,2,0 days 09:30:00.304278731,236,136800,88156,0
7014,1,0 days 09:30:00.304372975,0,0,88159,0
4061,1,0 days 09:30:00.304388059,0,0,88160,0
4862,3,0 days 09:30:00.304494468,3142,148100,88163,0
4222,1,0 days 09:30:00.304579856,0,0,88166,0
4019,1,0 days 09:30:00.304623785,0,0,88167,0
6902,1,0 days 09:30:00.304632616,0,0,88168,0
8072,3,0 days 09:30:00.304883656,12732,885100,88171,0
7985,3,0 days 09:30:00.305061196,131,266900,88194,0
2257,4,0 days 09:30:00.305080365,42512,15500,88199,0
6997,1,0 days 09:30:00.305139361,0,0,88207,0
8746,1,0 days 09:30:00.305263507,0,0,88218,0
3067,2,0 days 09:30:00.305348386,8707,41300,88220,0
715,1,0 days 09:30:00.305479141,71,298000,88223,0
3435,5,0 days 09:30:00.305494471,17850,2900,88229,0
1443,1,0 days 09:30:00.305637614,0,0,88233,0
6975,3,0 days 09:30:00.305745994,1253,304500,88236,0
3929,1,0 days 09:30:00.305806248,0,0,88239,0
3701,1,0 days 09:30:00.305822832,0,0,88240,0
8371,1,0 days 09:30:00.305904007,0,0,88241,0
2057,1,0 days 09:30:00.306130451,0,0,88251,0
2303,1,0 days 09:30:00.306144879,0,0,88252,0
4026,1,0 days 09:30:00.306385588,0,0,88263,0
4472,1,0 days 09:30:00.306475981,0,0,88283,0
8465,2,0 days 09:30:00.306493573,46,389800,88285,0
2430,1,0 days 09:30:00.306681450,0,0,88311,0
2781,1,0 days 09:30:00.306737695,723,309800,88313,0
7585,4,0 days 09:30:00.306890706,4000,2500,88320,0
2411,3,0 days 09:30:00.306918645,160,326100,88323,0
6816,1,0 days 09:30:00.306984448,0,0,88328,0
6357,1,0 days 09:30:00.307065926,0,0,88329,0
3242,2,0 days 09:30:00.307160694,405,266100,88331,0
7839,1,0 days 09:30:00.307209904,0,0,88334,0
3769,1,0 days 09:30:00.307307309,2362,295200,88335,0
4392,1,0 days 09:30:00.307424350,0,0,88339,0
7453,1,0 days 09:30:00.307570960,0,0,88358,0
6270,2,0 days 09:30:00.307582143,198,8200,88364,0
6016,1,0 days 09:30:00.307632912,0,0,88373,0
6487,1,0 days 09:30:00.307751394,0,0,88377,0
1853,1,0 days 09:30:00.307839008,0,0,88378,0
8016,1,0 days 09:30:00.308011534,6633,1244700,88379,0
2461,1,0 days 09:30:00.308161776,0,0,88386,0
6312,1,0 days 09:30:00.308172016,0,0,88387,0
4937,1,0 days 09:30:00.308303411,0,0,88397,0
3018,1,0 days 09:30:00.308374104,0,0,88408,0
3595,1,0 days 09:30:00.308463231,0,0,88422,0
5105,1,0 days 09:30:00.308553282,614,8188,88423,0
4393,1,0 days 09:30:00.308617793,0,0,88426,0
5457,1,0 days 09:30:00.308662478,0,0,88427,0
8561,2,0 days 09:30:00.308729811,1,455400,88429,0
7894,1,0 days 09:30:00.308811410,0,0,88432,0
2993,1,0 days 09:30:00.308880415,0,0,88433,0
5647,1,0 days 09:30:00.308933770,0,0,88434,0
379,1,0 days 09:30:00.308996479,0,0,88435,0
1635,1,0 days 09:30:00.309120574,4149,122800,88450,0
8256,3,0 days 09:30:00.309246605,3007,29400,88473,0
4884,1,0 days 09:30:00.309325862,0,0,88476,0
6399,1,0 days 09:30:00.309406250,1242,73200,88477,0
4554,2,0 days 09:30:00.309615691,89,251300,88489,0
4290,1,0 days 09:30:00.309840672,13634,678800,88514,0
5237,1,0 days 09:30:00.309973335,450,23900,88525,0
2696,1,0 days 09:30:00.310147257,0,0,88551,0
1363,1,0 days 09:30:00.310357054,11623,137000,88552,0
6248,7,0 days 09:30:00.310707660,106370,31000,88575,0
6321,1,0 days 09:30:00.310740122,0,0,88576,0
602,1,0 days 09:30:00.311141557,0,0,88609,0
6612,1,0 days 09:30:00.311325058,0,0,88610,0
4857,2,0 days 09:30:00.311410164,417,103900,88612,0
2477,1,0 days 09:30:00.311475915,0,0,88615,0
3171,1,0 days 09:30:00.311586032,2804,315800,88617,0
6005,1,0 days 09:30:00.311639020,0,0,88621,0
7602,1,0 days 09:30:00.311826074,4346,179500,88646,0
5565,1,0 days 09:30:00.311945413,0,0,88665,0
684,1,0 days 09:30:00.312001705,0,0,88666,0
5959,1,0 days 09:30:00.312146077,8349,310000,88667,0
4071,1,0 days 09:30:00.312253233,0,0,88670,0
405,1,0 days 09:30:00.312377933,8342,84000,88687,0
1565,2,0 days 09:30:00.312447925,23327,59400,88689,0
8212,2,0 days 09:30:00.312543963,1966,413900,88709,0
1158,1,0 days 09:30:00.312683455,0,0,88712,0
2225,1,0 days 09:30:00.312741456,0,0,88714,0
1238,1,0 days 09:30:00.312800248,0,0,88715,0
8590,1,0 days 09:30:00.312873907,0,0,88732,0
4401,1,0 days 09:30:00.312924829,0,0,88734,0
3457,1,0 days 09:30:00.313083490,0,0,88735,0
703,1,0 days 09:30:00.313209077,0,0,88747,0
3650,1,0 days 09:30:00.313259408,0,0,88748,0
5518,2,0 days 09:30:00.313366020,991,10700,88757,0
700,1,0 days 09:30:00.313424162,0,0,88760,0
7148,2,0 days 09:30:00.313536187,4353,154700,88781,0
3735,3,0 days 09:30:00.313595695,7027,185700,88786,0
1897,1,0 days 09:30:00.313763279,0,0,88797,0
3453,1,0 days 09:30:00.313884512,0,0,88820,0
7366,1,0 days 09:30:00.313945030,0,0,88821,0
4285,1,0 days 09:30:00.314006473,0,0,88822,0
1423,3,0 days 09:30:00.314099781,215,266500,88825,0
491,1,0 days 09:30:00.314172953,0,0,88828,0
6194,1,0 days 09:30:00.314229221,0,0,88837,0
3120,1,0 days 09:30:00.314280044,0,0,88845,0
5328,1,0 days 09:30:00.314341654,0,0,88857,0
7027,1,0 days 09:30:00.314542804,0,0,88864,0
7713,1,0 days 09:30:00.314733418,7121,140500,88893,0
3787,1,0 days 09:30:00.314834105,0,0,88927,0
1463,1,0 days 09:30:00.314905812,0,0,88928,0
4611,1,0 days 09:30:00.314926910,0,0,88929,0
1279,1,0 days 09:30:00.315040601,2891,361900,88930,0
3243,2,0 days 09:30:00.315137617,98,258200,88964,0
2756,1,0 days 09:30:00.315234871,0,0,88967,0
1906,1,0 days 09:30:00.315284908,0,0,88969,0
3732,1,0 days 09:30:00.315295069,0,0,88987,0
5608,1,0 days 09:30:00.315339685,0,0,89001,0
2021,1,0 days 09:30:00.315399505,103,192100,89002,0
2850,1,0 days 09:30:00.315546337,2175,449500,89035,0
511,1,0 days 09:30:00.315652169,0,0,89068,0
6994,1,0 days 09:30:00.315720558,0,0,89069,0
3259,1,0 days 09:30:00.315744681,0,0,89070,0
6389,1,0 days 09:30:00.315807094,0,0,89071,0
7747,1,0 days 09:30:00.315921102,0,0,89102,0
8671,1,0 days 09:30:00.316057719,0,0,89136,0
2465,1,0 days 09:30:00.316061075,0,0,89137,0
7562,1,0 days 09:30:00.316111884,0,0,89168,0
1099,2,0 days 09:30:00.316182923,20,390700,89184,0
8041,1,0 days 09:30:00.316240619,0,0,89206,0
3976,1,0 days 09:30:00.316439715,37792,118100,89282,0
7531,1,0 days 09:30:00.316562677,0,0,89303,0
1070,1,0 days 09:30:00.316663806,0,0,89318,0
7571,1,0 days 09:30:00.316771462,0,0,89335,0
2997,1,0 days 09:30:00.316886425,0,0,89350,0
419,1,0 days 09:30:00.316948216,0,0,89367,0
3826,1,0 days 09:30:00.317000353,0,0,89368,0
4412,1,0 days 09:30:00.317046523,0,0,89388,0
709,1,0 days 09:30:00.317131851,882,566300,89400,0
6768,1,0 days 09:30:00.317197958,0,0,89433,0
4562,2,0 days 09:30:00.317283377,1090,221600,89442,0
5510,1,0 days 09:30:00.317369840,0,0,89470,0
6483,2,0 days 09:30:00.317462560,512,60800,89489,0
253,1,0 days 09:30:00.317562811,0,0,89512,0
7438,1,0 days 09:30:00.317619634,0,0,89531,0
7445,1,0 days 09:30:00.317676559,0,0,89544,0
4176,1,0 days 09:30:00.317726647,0,0,89574,0
5651,1,0 days 09:30:00.317933386,7486,614700,89604,0
1723,1,0 days 09:30:00.318038006,73109,500800,89606,0
6758,1,0 days 09:30:00.318167532,1220,61900,89639,0
5031,1,0 days 09:30:00.318675082,0,0,89644,0
1457,1,0 days 09:30:00.318828618,0,0,89645,0
7376,1,0 days 09:30:00.319031993,0,0,89675,0
2262,1,0 days 09:30:00.319090101,0,0,89677,0
3301,1,0 days 09:30:00.319161052,0,0,89678,0
